2272 4464
244 374 260 405 θ
717 348 720 353 .

392 536 676 625 sin-sno.
933 540 1004 632 eor

59 774 189 799 -·-—
223 744 342 811 Nodos
365 741 514 831 Gordius
535 740 715 806 Dictorum
749 738 929 807 Theandri
949 742 1013 804 Lu.

99 857 192 921 theri
222 857 485 941 praecipuorum
508 864 543 915 et
575 852 610 914 in
643 846 906 915 controversiam
933 869 1003 917 non

103 984 186 1029 raro
217 965 424 1028 venientium
457 959 582 1023 solutus
614 980 674 1045 per
706 958 872 1023 loannem
909 955 1005 1021 Sina·

102 1072 199 1159 pium
229 1068 419 1135 Palaestrae
451 1066 684 1153 Galgoczenlls
716 1062 896 1132 Rectorem
941 1079 1006 1135 etc·

107 1176 344 1264 Respondente
367 1179 509 1243 Andrea
531 1176 721 1243 lohannide
747 1176 841 1255 1652.
874 1172 1008 1259 (Trea-

104 1284 233 1371 chinii)
255 1289 288 1351 in
311 1300 341 1363 4.
362 1285 481 1351 folior.
506 1266 557 1362 ιζ’.

58 1388 155 1458 Sino
178 1396 233 1460 die
255 1393 389 1461 Lander
410 1392 579 1480 gliickliclr
604 1412 646 1455 zu
669 1412 817 1474 nennen,
850 1394 908 1458 die
932 1410 1003 1457 von
1068 1394 1074 1407 '

104 1498 225 1587 Joseplr
254 1501 297 1567 11.
326 1502 513 1567 beherrsoht
543 1498 707 1566 werden?
740 1500 799 1584 (v.
822 1484 1004 1579 Geuilau.)

102 1610 205 1674 Wien
231 1608 264 1675 b.
287 1611 472 1674 Wucherer
496 1615 586 1691 1786.
608 1612 642 1672 in
665 1616 696 1685 8.

57 1712 202 1783 Saum
227 1715 394 1781 Gnonnir
417 1720 458 1783 de
481 1716 608 1782 Eadem
631 1750 668 1768 —·
696 1714 845 1805 Epistola
867 1722 914 1785 ad
935 1732 999 1787 etc.

58 1908 60 1913 Ι
100 1822 267 1887 Ioannem
302 1824 343 1886 de
382 1820 529 1910 Liplzlry
566 1822 801 1909 Capitoneum.
841 1826 993 1911 Mappae
1096 1810 1103 1821 ⁴

102 1926 365 2015 Geographicae
394 1928 652 1994 Provinciarnm
684 1934 726 1994 ad
758 1928 793 1996 S.
823 1929 996 1997 Coronam

101 2034 211 2118 Regni
252 2035 445 2118 Hungariae
494 2038 733 2121 pertinentium
772 2036 997 2101 Elucubrato·

59 2208 62 2213 ,
103 2161 193 2206 rem:
224 2138 412 2223 (exhibens
446 2140 627 2206 Tabellam
657 2145 833 2207 docentem
855 2146 998 2207 modum

101 2248 266 2314 scribendi
306 2247 490 2313 Valacirice
531 2246 640 2313 literis
690 2261 760 2311 tam
806 2248 999 2332 cyriliania‚
1079 2241 1092 2311 .’

103 2386 207 2449 qnam
247 2363 386 2447 latinis)
419 2364 534 2427 Budae
573 2360 685 2447 Typis
729 2358 769 2428 R.
807 2361 907 2427 Univ.
938 2360 1002 2429 Pr·

105 2461 217 2538 [ianae
244 2485 332 2548 1804.
354 2477 388 2538 in
412 2484 442 2545 8.
465 2493 544 2559 pag.
566 2491 597 2552 9.
624 2484 754 2554 praeter
776 2466 955 2536 Tabellas.

56 2570 183 2629 ·'-·--
209 2578 384 2642 Elementa
407 2579 557 2661 Linguae
581 2575 675 2639 llaco
699 2606 741 2626 -
764 2576 941 2643 Romanae
966 2577 1029 2641 fi·'

103 2706 147 2750 ve
169 2685 374 2749 Valaclricae
398 2688 577 2749 emendata
601 2685 771 2748 facilitata
790 2698 823 2748 et
845 2686 881 2749 in
903 2684 999 2750 meli·

105 2811 200 2856 orem
225 2795 376 2855 ordinem
401 2794 551 2856 redacta.
572 2790 688 2853 Budae
710 2788 823 2875 Typia
845 2793 880 2875 R.
894 2789 997 2861 Univ.

108 2909 197 2977 1805.
219 2898 254 2959 in
277 2906 307 2966 3.
331 2916 407 2981 pag.
434 2914 504 2959 110.

56 2999 257 3065 Sannnncz
282 3000 448 3063 Niconar
480 3034 516 3051 -
547 2999 735 3087 Descriptio
768 2996 908 3089 phylico
935 3018 998 3090 po.

101 3108 217 3175 liticae
240 3109 427 3173 fituationis
456 3108 562 3194 Regni
594 3109 788 3195 llnngariae
819 3106 926 3175 relate
949 3110 999 3174 ad

103 3216 352 3282 Commercium
385 3236 446 3304 pro
485 3215 716 3304 Deputalione
751 3214 994 3283 Commenciali
1118 3290 1121 3296 ,

98 3325 290 3389 elaborato.
315 3324 473 3407 (Posonii
495 3321 607 3408 Typis
631 3324 748 3389 itanc.
773 3322 840 3389 Jol.
861 3321 992 3388 Patzlro

101 3444 194 3505 1802.
214 3432 249 3493 in
271 3429 334 3493 fol.
358 3448 436 3515 pag.
455 3440 510 3511 38.

55 3537 208 3607 Snonxa
234 3531 422 3601 Annam
456 3568 492 3584 -
527 3535 601 3599 Lob
623 3537 684 3599 (les
708 3534 907 3600 hioelichen
930 3535 996 3597 Le-

97 3646 181 3711 bens
212 3677 248 3695 ·-
280 3643 388 3706 Herm
410 3638 486 3709 loir.
508 3640 652 3707 Gottlob
676 3640 808 3705 Alberli
829 3638 993 3705 liniebat

97 3774 145 3820 an
166 3758 227 3820 der
245 3751 537 3816 Salzmannil'ohen
562 3747 689 3813 Anllalt
719 3769 760 3812 zu
783 3750 888 3814 leiner
908 3752 992 3813 Ver·
1121 3784 1123 3793 =

97 3862 262 3946 mahlung
295 3863 355 3926 mit
384 3859 521 3943 Jungfer
554 3860 720 3922 Eleonore
756 3856 897 3924 Auafeld
935 3876 989 3939 ge-

97 3971 240 4037 widmet
269 3988 340 4035 von
371 3970 458 4034 scine
486 3966 640 4032 Frennde
666 3978 755 4047 1798.
783 3983 810 4030 a.
838 3963 862 4031 l.
897 3964 933 4025 in
958 3972 1014 4041 4.,

89 4074 156 4140 fol.
177 4094 208 4138 a.
540 4086 546 4133 .·
863 4064 966 4133 nm
