2272 4464
89 588 165 685 59⁶
363 650 373 669 ,
487 532 636 641 *st

144 774 289 843 doricus
320 768 484 835 antonino
516 752 735 828 Murntori'ut
755 754 931 847 noltegtt,
955 760 1033 831 otds·

142 883 241 947 navit
260 892 294 945 et
313 870 585 971 Praelationibue
603 871 727 949 auxit,
762 864 949 941 nonnullae
961 867 1032 955 ipse,

144 983 234 1051 aliut
267 1000 350 1048 vero
385 974 652 1043 Mediolanenses
681 972 849 1039 Palatini
876 971 962 1039 Socii
990 976 1031 1039 ad

142 1090 311 1157 Metorum
332 1084 496 1149 Codicum
524 1078 625 1145 fidem
651 1092 827 1158 exactor,
850 1078 1030 1165 summoque

87 1230 94 1241 -
147 1192 266 1259 labore
287 1209 330 1253 ac
349 1186 528 1275 diligentie
547 1180 729 1271 castigator
750 1182 870 1249 verite
891 1184 1028 1251 lectioni·

144 1296 208 1364 bru
229 1310 264 1363 et
284 1299 375 1361 notit
395 1306 466 1359 tam
504 1295 604 1383 editio
628 1304 789 1358 veterum
806 1292 1026 1373 Eruditorum,

146 1420 248 1487 quarn
271 1400 452 1465 novissimir
484 1416 628 1476 auxere,
670 1396 817 1473 Additie
840 1396 884 1460 ad
905 1396 1023 1481 pleniue

145 1508 259 1593 operia
290 1517 324 1569 et
355 1500 537 1567 Universae
567 1498 712 1585 intinge
752 1496 919 1568 Historiae
936 1518 1025 1569 ome·

37 1636 44 1647 ·
143 1625 292 1678 mentum
314 1613 413 1673 noric
436 1606 579 1691 ‘sedulia
607 1606 855 1694 geographicis
875 1619 907 1673 et
926 1612 1022 1677 rariie

92 1736 95 1741 ·
141 1716 448 1803 Langobardorum
468 1714 616 1809 Regum,
649 1714 925 1800 Imperatorum,
946 1716 1022 1784 elio·

150 1842 293 1911 rumque
325 1821 518 1907 Principum
550 1820 825 1908 Diplomatibut,
863 1844 952 1909 quae
977 1824 1022 1887 ab

148 1928 225 2017 ipslr
248 1928 475 2015 autographis
507 1927 692 1994 describere
715 1927 843 2010 licuit,
868 1929 922 1994 vel
941 1946 1021 1995 nuuc

59 2038 68 2053 '
150 2038 297 2121 primum
322 2034 489 2120 vulgatis,
513 2034 568 2097 vel
590 2036 796 2116 emendatio,
817 2054 878 2099 nec
894 2055 958 2100 non
972 2055 1024 2100 au·

145 2143 242 2229 tiquo
278 2132 510 2205 characterum
541 2140 721 2223 specimine
756 2152 794 2205 et
831 2140 943 2226 figuris
975 2162 1024 2235 ae·

144 2249 235 2328 nese,
258 2268 333 2310 cum
355 2245 524 2312 lodicibus
544 2244 826 2332 locupletissimis.
848 2246 948 2316 Tom.
970 2269 1021 2310 t·-

144 2368 194 2421 22.
216 2352 403 2433 Mediolani
426 2374 469 2415 ex
491 2353 714 2439 Typograph.
746 2353 873 2420 Societ.
906 2356 1020 2422 Palati·

142 2478 205 2522 nae
233 2478 351 2540 1723-
359 2474 449 2541 1733
479 2456 596 2524 insol.
617 2457 779 2537 voll24.

102 2564 279 2626 Ucrrrccr
301 2566 607 2628 Fcuurnaunr-
631 2564 730 2630 ltalia
751 2568 880 2647 Sacra,
903 2564 965 2630 lire
982 2567 1019 2633 de

141 2642 314 2752 spiscopis
348 2667 468 2731 ltaliae
499 2680 532 2733 et
556 2669 736 2733 Inslrlarum
770 2672 1019 2753 adjacentium,

139 2770 304 2853 rebusque
327 2770 410 2834 ab
401 2776 444 2836 rie
473 2771 643 2857 praeclare
663 2770 781 2859 gestie,
815 2778 961 2840 deducta
980 2777 1019 2841 se·

139 2877 188 2939 rie
211 2877 254 2938 ad
278 2873 418 2938 nostram
443 2878 543 2961 usque
564 2889 733 2958 centem,
757 2898 848 2965 opuc
864 2878 1017 2966 singulare

138 2982 329 3047 Provinciis
351 2986 422 3050 XX.
454 2985 660 3071 distinctum,
703 2992 738 3054 in
773 3009 844 3075 quo
869 2990 1017 3057 Ecclefia·

137 3108 212 3150 rum
236 3090 394 3175 origines,
416 3091 548 3157 urbium
569 3097 805 3177 candificant,
828 3097 1017 3184 Principum

139 3195 359 3276 donationes,
403 3201 579 3264 recondita
601 3201 827 3265 Monumenta
856 3205 894 3268 in
916 3204 1014 3269 lucem

139 3298 364 3383 proferuntur.
385 3307 532 3372 Auctore
550 3306 593 3372 D.
615 3308 834 3373 l'erdinando
865 3308 1015 3396 Ughellio

134 3401 333 3470 Florentino
355 3408 488 3476 Abbate
512 3408 595 3477 Ord.
617 3410 727 3479 Cister.
747 3414 866 3481 Editio
882 3418 1015 3483 secunda

135 3522 237 3572 aucta
265 3526 299 3576 et
328 3522 509 3582 emendata
550 3539 631 3584 cura
662 3534 696 3585 et
733 3520 845 3589 studio
887 3522 1012 3587 Nicolai

132 3610 246 3683 ,coleti
269 3612 369 3681 Tom.
390 3620 491 3688 I-X.
523 3627 671 3690 venetiis
694 3624 1011 3712 epictatium·

133 3716 193 3784 leti
216 3736 428 3811 1717—1722.
449 3733 484 3796 in
505 3731 567 3799 fol.

93 3826 336 3897 Vtucranurn
361 3836 499 3905 Renum
519 3840 572 3905 Ab
583 3840 662 3907 urbe
683 3844 827 3907 condita
840 3843 1006 3905 adannun

128 3928 334 4037 MDLXXY.
370 3940 516 4011 Historia
546 3946 638 4015 Petri
667 3944 846 4015 iustiniani
878 3943 1002 4013 Patricli

901 4052 964 4116 tte·
