<?xml version="1.0" encoding="UTF-8"?>
<!DOCTYPE html PUBLIC "-//W3C//DTD XHTML 1.0 Transitional//EN"
    "http://www.w3.org/TR/xhtml1/DTD/xhtml1-transitional.dtd">
<html xmlns="http://www.w3.org/1999/xhtml" xml:lang="en" lang="en">
 <head>
  <title>
</title>
<meta http-equiv="Content-Type" content="text/html;charset=utf-8" />
  <meta name='ocr-system' content='tesseract 3.04.00' />
  <meta name='ocr-capabilities' content='ocr_page ocr_carea ocr_par ocr_line ocrx_word'/>
</head>
<body>
  <div class='ocr_page' id='page_1' title='image "./catalogusbiblio00szergoog_0425.png"; bbox 0 0 2272 4464; ppageno 0'>
   <div class='ocr_carea' id='block_1_1' title="bbox 156 566 858 719">
    <p class='ocr_par' dir='ltr' id='par_1_1' title="bbox 156 566 858 719">
     <span class='ocr_line' id='line_1_1' title="bbox 156 566 858 719; baseline 0.019 -77"><span class='ocrx_word' id='word_1_1' title='bbox 156 580 234 686; x_wconf 52' lang='lat'>{0⁴</span> <span class='ocrx_word' id='word_1_2' title='bbox 564 566 706 651; x_wconf 67' lang='lat' dir='ltr'><strong>PRO.</strong></span> <span class='ocrx_word' id='word_1_3' title='bbox 779 696 785 719; x_wconf 85' lang='lat'><strong>.</strong></span> <span class='ocrx_word' id='word_1_4' title='bbox 843 582 858 700; x_wconf 25' lang='grc'>’1</span> 
     </span>
    </p>
   </div>
   <div class='ocr_carea' id='block_1_2' title="bbox 61 765 1101 2883">
    <p class='ocr_par' dir='ltr' id='par_1_2' title="bbox 202 765 1083 1166">
     <span class='ocr_line' id='line_1_2' title="bbox 212 765 1083 856; baseline -0.011 -9"><span class='ocrx_word' id='word_1_5' title='bbox 212 792 306 856; x_wconf 77' lang='lat'><strong>¹8⁰4</strong></span> <span class='ocrx_word' id='word_1_6' title='bbox 329 776 506 842; x_wconf 80' lang='lat' dir='ltr'>secundum</span> <span class='ocrx_word' id='word_1_7' title='bbox 541 770 796 839; x_wconf 77' lang='lat' dir='ltr'>Praelectiones</span> <span class='ocrx_word' id='word_1_8' title='bbox 828 766 977 837; x_wconf 76' lang='lat' dir='ltr'>loannis</span> <span class='ocrx_word' id='word_1_9' title='bbox 1006 765 1083 837; x_wconf 74' lang='lat' dir='ltr'>illm</span> 
     </span>
     <span class='ocr_line' id='line_1_3' title="bbox 202 876 1082 965; baseline -0.011 -15"><span class='ocrx_word' id='word_1_10' title='bbox 202 888 254 951; x_wconf 84' lang='lat' dir='ltr'>lai</span> <span class='ocrx_word' id='word_1_11' title='bbox 275 883 383 947; x_wconf 72' lang='lat' dir='ltr'>Revai</span> <span class='ocrx_word' id='word_1_12' title='bbox 405 880 555 965; x_wconf 78' lang='lat' dir='ltr'><strong>Linguae</strong></span> <span class='ocrx_word' id='word_1_13' title='bbox 577 896 621 942; x_wconf 85' lang='lat' dir='ltr'>ac</span> <span class='ocrx_word' id='word_1_14' title='bbox 641 876 988 964; x_wconf 75' lang='lat' dir='ltr'>Literaturaeliung.</span> <span class='ocrx_word' id='word_1_15' title='bbox 1013 876 1082 949; x_wconf 71' lang='lat' dir='ltr'>aar</span> 
     </span>
     <span class='ocr_line' id='line_1_4' title="bbox 206 988 1083 1087; baseline -0.008 -27"><span class='ocrx_word' id='word_1_16' title='bbox 206 1018 241 1087; x_wconf 89' lang='lat' dir='ltr'>p.</span> <span class='ocrx_word' id='word_1_17' title='bbox 263 1015 297 1059; x_wconf 91' lang='lat' dir='ltr'>o.</span> <span class='ocrx_word' id='word_1_18' title='bbox 317 989 460 1057; x_wconf 84' lang='lat' dir='ltr'>Pellhini</span> <span class='ocrx_word' id='word_1_19' title='bbox 484 989 598 1078; x_wconf 78' lang='lat' dir='ltr'>Typis</span> <span class='ocrx_word' id='word_1_20' title='bbox 629 988 781 1054; x_wconf 84' lang='lat' dir='ltr'>Mathiae</span> <span class='ocrx_word' id='word_1_21' title='bbox 811 988 1025 1055; x_wconf 50' lang='lat' dir='ltr'>Trattners</span> <span class='ocrx_word' id='word_1_22' title='bbox 1014 1002 1083 1065; x_wconf 80' lang='grc' dir='ltr'><strong>ιιι.</strong></span> 
     </span>
     <span class='ocr_line' id='line_1_5' title="bbox 231 1099 362 1166; baseline -0.058 0"><span class='ocrx_word' id='word_1_23' title='bbox 231 1121 286 1166; x_wconf 82' lang='lat' dir='ltr'>a.</span> <span class='ocrx_word' id='word_1_24' title='bbox 330 1099 362 1164; x_wconf 99' lang='grc'>6.</span> 
     </span>
    </p>

    <p class='ocr_par' dir='ltr' id='par_1_3' title="bbox 166 1118 1088 1716">
     <span class='ocr_line' id='line_1_6' title="bbox 166 1118 1085 1287; baseline -0.002 -18"><span class='ocrx_word' id='word_1_25' title='bbox 166 1122 290 1261; x_wconf 54' lang='grc' dir='ltr'>-ῗ-Ξ·</span> <span class='ocrx_word' id='word_1_26' title='bbox 306 1118 362 1268; x_wconf 59' lang='lat' dir='ltr'>{a</span> <span class='ocrx_word' id='word_1_27' title='bbox 380 1202 536 1267; x_wconf 77' lang='lat' dir='ltr'>univerla</span> <span class='ocrx_word' id='word_1_28' title='bbox 556 1196 750 1287; x_wconf 78' lang='lat' dir='ltr'>Theologia</span> <span class='ocrx_word' id='word_1_29' title='bbox 772 1200 818 1265; x_wconf 84' lang='lat' dir='ltr'>ad</span> <span class='ocrx_word' id='word_1_30' title='bbox 835 1196 1024 1265; x_wconf 81' lang='lat' dir='ltr'>Elenulrum</span> <span class='ocrx_word' id='word_1_31' title='bbox 1035 1198 1085 1267; x_wconf 75' lang='lat' dir='ltr'>ne·</span> 
     </span>
     <span class='ocr_line' id='line_1_7' title="bbox 205 1302 1084 1381; baseline -0.006 -6"><span class='ocrx_word' id='word_1_32' title='bbox 205 1309 266 1381; x_wconf 82' lang='lat' dir='ltr'>sol.</span> <span class='ocrx_word' id='word_1_33' title='bbox 298 1309 405 1374; x_wconf 80' lang='lat' dir='ltr'>Mem.</span> <span class='ocrx_word' id='word_1_34' title='bbox 435 1307 526 1371; x_wconf 79' lang='lat' dir='ltr'>ami.</span> <span class='ocrx_word' id='word_1_35' title='bbox 559 1311 592 1371; x_wconf 80' lang='lat' dir='ltr'>P.</span> <span class='ocrx_word' id='word_1_36' title='bbox 623 1304 809 1372; x_wconf 86' lang='lat' dir='ltr'>Clementia</span> <span class='ocrx_word' id='word_1_37' title='bbox 844 1323 870 1368; x_wconf 84' lang='lat' dir='ltr'>a</span> <span class='ocrx_word' id='word_1_38' title='bbox 914 1302 1084 1371; x_wconf 72' lang='lat' dir='ltr'>Paetum</span> 
     </span>
     <span class='ocr_line' id='line_1_8' title="bbox 203 1412 1088 1500; baseline -0.007 -17"><span class='ocrx_word' id='word_1_39' title='bbox 203 1414 346 1483; x_wconf 81' lang='lat' dir='ltr'>Ministri</span> <span class='ocrx_word' id='word_1_40' title='bbox 370 1412 569 1495; x_wconf 80' lang='lat' dir='ltr'>Generalis,</span> <span class='ocrx_word' id='word_1_41' title='bbox 591 1433 656 1500; x_wconf 90' lang='lat' dir='ltr'>pro</span> <span class='ocrx_word' id='word_1_42' title='bbox 678 1422 754 1477; x_wconf 88' lang='lat' dir='ltr'>toto</span> <span class='ocrx_word' id='word_1_43' title='bbox 787 1412 919 1476; x_wconf 83' lang='lat' dir='ltr'>ordine</span> <span class='ocrx_word' id='word_1_44' title='bbox 955 1412 1088 1498; x_wconf 68' lang='lat' dir='ltr'>prieurs</span> 
     </span>
     <span class='ocr_line' id='line_1_9' title="bbox 206 1518 1088 1609; baseline -0.008 -22"><span class='ocrx_word' id='word_1_45' title='bbox 206 1536 328 1609; x_wconf 88' lang='lat' dir='ltr'>ptum,</span> <span class='ocrx_word' id='word_1_46' title='bbox 358 1535 392 1587; x_wconf 88' lang='lat' dir='ltr'>et</span> <span class='ocrx_word' id='word_1_47' title='bbox 414 1538 436 1585; x_wconf 82' lang='lat' dir='ltr'>a</span> <span class='ocrx_word' id='word_1_48' title='bbox 456 1521 651 1585; x_wconf 78' lang='lat' dir='ltr'>Benedicta</span> <span class='ocrx_word' id='word_1_49' title='bbox 668 1518 757 1583; x_wconf 85' lang='lat' dir='ltr'>XIV.</span> <span class='ocrx_word' id='word_1_50' title='bbox 788 1534 1007 1603; x_wconf 76' lang='lat' dir='ltr'>magnopere</span> <span class='ocrx_word' id='word_1_51' title='bbox 1024 1534 1088 1603; x_wconf 87' lang='lat' dir='ltr'>pro-</span> 
     </span>
     <span class='ocr_line' id='line_1_10' title="bbox 201 1627 1088 1716; baseline -0.007 -20"><span class='ocrx_word' id='word_1_52' title='bbox 201 1632 321 1697; x_wconf 82' lang='lat' dir='ltr'>batum</span> <span class='ocrx_word' id='word_1_53' title='bbox 340 1649 400 1716; x_wconf 87' lang='lat' dir='ltr'>per</span> <span class='ocrx_word' id='word_1_54' title='bbox 410 1627 598 1693; x_wconf 83' lang='lat' dir='ltr'>Contrnuos</span> <span class='ocrx_word' id='word_1_55' title='bbox 609 1639 681 1694; x_wconf 85' lang='lat' dir='ltr'>tres</span> <span class='ocrx_word' id='word_1_56' title='bbox 704 1628 778 1693; x_wconf 85' lang='lat' dir='ltr'>dies</span> <span class='ocrx_word' id='word_1_57' title='bbox 798 1645 851 1708; x_wconf 92' lang='lat' dir='ltr'>r7</span> <span class='ocrx_word' id='word_1_58' title='bbox 870 1635 929 1698; x_wconf 72' lang='grc' dir='ltr'>ιε.</span> <span class='ocrx_word' id='word_1_59' title='bbox 947 1644 997 1707; x_wconf 81' lang='lat'>¹9·</span> <span class='ocrx_word' id='word_1_60' title='bbox 1015 1642 1088 1690; x_wconf 72' lang='lat' dir='ltr'>nn·</span> 
     </span>
    </p>

    <p class='ocr_par' dir='ltr' id='par_1_4' title="bbox 61 1712 1098 2546">
     <span class='ocr_line' id='line_1_11' title="bbox 61 1712 1091 1828; baseline -0.008 -22"><span class='ocrx_word' id='word_1_61' title='bbox 61 1722 64 1727; x_wconf 84' lang='grc'><strong>’</strong></span> <span class='ocrx_word' id='word_1_62' title='bbox 204 1740 245 1806; x_wconf 71' lang='lat' dir='ltr'>ns</span> <span class='ocrx_word' id='word_1_63' title='bbox 285 1737 420 1828; x_wconf 75' lang='lat' dir='ltr'>augutu</span> <span class='ocrx_word' id='word_1_64' title='bbox 461 1733 758 1808; x_wconf 78' lang='lat' dir='ltr'>unccnxxvu</span> <span class='ocrx_word' id='word_1_65' title='bbox 799 1738 839 1801; x_wconf 75' lang='lat' dir='ltr'>sn</span> <span class='ocrx_word' id='word_1_66' title='bbox 877 1712 1091 1801; x_wconf 69' lang='grc' dir='ltr'><strong>ιιιοιιιιι</strong></span> 
     </span>
     <span class='ocr_line' id='line_1_12' title="bbox 206 1840 1094 1930; baseline -0.005 -22"><span class='ocrx_word' id='word_1_67' title='bbox 206 1845 325 1909; x_wconf 83' lang='lat' dir='ltr'>Crucis</span> <span class='ocrx_word' id='word_1_68' title='bbox 345 1844 507 1910; x_wconf 81' lang='lat' dir='ltr'>inventae</span> <span class='ocrx_word' id='word_1_69' title='bbox 528 1840 613 1907; x_wconf 85' lang='lat' dir='ltr'>Ord</span> <span class='ocrx_word' id='word_1_70' title='bbox 642 1842 727 1907; x_wconf 84' lang='lat' dir='ltr'>Min</span> <span class='ocrx_word' id='word_1_71' title='bbox 748 1840 856 1930; x_wconf 80' lang='lat' dir='ltr'>regul.</span> <span class='ocrx_word' id='word_1_72' title='bbox 888 1840 1025 1911; x_wconf 77' lang='lat' dir='ltr'>observ.</span> <span class='ocrx_word' id='word_1_73' title='bbox 1044 1860 1094 1928; x_wconf 79' lang='lat' dir='ltr'>pn·</span> 
     </span>
     <span class='ocr_line' id='line_1_13' title="bbox 210 1944 1093 2033; baseline 0.003 -23"><span class='ocrx_word' id='word_1_74' title='bbox 210 1946 322 2014; x_wconf 87' lang='lat' dir='ltr'>blicae</span> <span class='ocrx_word' id='word_1_75' title='bbox 351 1948 569 2033; x_wconf 86' lang='lat' dir='ltr'>dilputationi</span> <span class='ocrx_word' id='word_1_76' title='bbox 599 1944 785 2032; x_wconf 82' lang='lat' dir='ltr'>expolitae,</span> <span class='ocrx_word' id='word_1_77' title='bbox 824 1949 883 2012; x_wconf 91' lang='lat' dir='ltr'>die</span> <span class='ocrx_word' id='word_1_78' title='bbox 921 1952 1028 2013; x_wconf 86' lang='lat' dir='ltr'>tertio</span> <span class='ocrx_word' id='word_1_79' title='bbox 1046 1948 1093 2013; x_wconf 79' lang='lat' dir='ltr'>de-</span> 
     </span>
     <span class='ocr_line' id='line_1_14' title="bbox 214 2048 1093 2136; baseline -0.001 -20"><span class='ocrx_word' id='word_1_80' title='bbox 214 2052 428 2117; x_wconf 78' lang='lat' dir='ltr'>fendentibus</span> <span class='ocrx_word' id='word_1_81' title='bbox 450 2051 488 2116; x_wconf 89' lang='grc' dir='ltr'>Ρ.</span> <span class='ocrx_word' id='word_1_82' title='bbox 525 2049 659 2136; x_wconf 81' lang='lat' dir='ltr'>Sigism.</span> <span class='ocrx_word' id='word_1_83' title='bbox 690 2048 820 2132; x_wconf 83' lang='lat' dir='ltr'>Schiin,</span> <span class='ocrx_word' id='word_1_84' title='bbox 843 2053 882 2122; x_wconf 81' lang='lat' dir='ltr'>F.</span> <span class='ocrx_word' id='word_1_85' title='bbox 918 2052 1093 2118; x_wconf 81' lang='lat' dir='ltr'>Dominiun</span> 
     </span>
     <span class='ocr_line' id='line_1_15' title="bbox 206 2157 1097 2245; baseline 0.008 -25"><span class='ocrx_word' id='word_1_86' title='bbox 206 2160 439 2223; x_wconf 83' lang='lat' dir='ltr'>Martinovich</span> <span class='ocrx_word' id='word_1_87' title='bbox 468 2170 502 2223; x_wconf 86' lang='lat' dir='ltr'>et</span> <span class='ocrx_word' id='word_1_88' title='bbox 530 2158 568 2225; x_wconf 82' lang='lat' dir='ltr'>F.</span> <span class='ocrx_word' id='word_1_89' title='bbox 589 2157 729 2242; x_wconf 82' lang='lat' dir='ltr'>Aloyiro</span> <span class='ocrx_word' id='word_1_90' title='bbox 750 2157 959 2245; x_wconf 74' lang='lat' dir='ltr'>Baumgiirtl</span> <span class='ocrx_word' id='word_1_91' title='bbox 1001 2162 1097 2243; x_wconf 80' lang='lat' dir='ltr'>ejusd.</span> 
     </span>
     <span class='ocr_line' id='line_1_16' title="bbox 212 2262 1095 2353; baseline 0.008 -30"><span class='ocrx_word' id='word_1_92' title='bbox 212 2265 287 2327; x_wconf 92' lang='lat' dir='ltr'>ord.</span> <span class='ocrx_word' id='word_1_93' title='bbox 309 2276 343 2326; x_wconf 87' lang='lat' dir='ltr'>et</span> <span class='ocrx_word' id='word_1_94' title='bbox 363 2262 478 2344; x_wconf 87' lang='lat' dir='ltr'>lludii,</span> <span class='ocrx_word' id='word_1_95' title='bbox 507 2262 716 2328; x_wconf 83' lang='lat' dir='ltr'>Praefidente</span> <span class='ocrx_word' id='word_1_96' title='bbox 745 2263 783 2330; x_wconf 87' lang='lat' dir='ltr'>P.</span> <span class='ocrx_word' id='word_1_97' title='bbox 806 2265 845 2334; x_wconf 81' lang='lat' dir='ltr'>F.</span> <span class='ocrx_word' id='word_1_98' title='bbox 866 2264 1022 2353; x_wconf 82' lang='lat' dir='ltr'>Jolepho</span> <span class='ocrx_word' id='word_1_99' title='bbox 1042 2265 1095 2330; x_wconf 83' lang='lat' dir='ltr'>Pa·</span> 
     </span>
     <span class='ocr_line' id='line_1_17' title="bbox 208 2365 1098 2454; baseline 0.011 -27"><span class='ocrx_word' id='word_1_100' title='bbox 208 2365 369 2430; x_wconf 87' lang='lat' dir='ltr'>villevich</span> <span class='ocrx_word' id='word_1_101' title='bbox 405 2367 545 2433; x_wconf 85' lang='lat' dir='ltr'>Lectore</span> <span class='ocrx_word' id='word_1_102' title='bbox 577 2368 727 2454; x_wconf 78' lang='lat' dir='ltr'>generali</span> <span class='ocrx_word' id='word_1_103' title='bbox 760 2388 787 2436; x_wconf 88' lang='lat' dir='ltr'>s.</span> <span class='ocrx_word' id='word_1_104' title='bbox 816 2368 841 2435; x_wconf 88' lang='lat'>1.</span> <span class='ocrx_word' id='word_1_105' title='bbox 871 2380 909 2435; x_wconf 88' lang='lat' dir='ltr'>et</span> <span class='ocrx_word' id='word_1_106' title='bbox 941 2390 977 2435; x_wconf 81' lang='lat' dir='ltr'>a.</span> <span class='ocrx_word' id='word_1_107' title='bbox 1009 2375 1044 2437; x_wconf 93' lang='lat' dir='ltr'>in</span> <span class='ocrx_word' id='word_1_108' title='bbox 1071 2385 1098 2449; x_wconf 66' lang='grc' dir='ltr'>ι</span> 
     </span>
     <span class='ocr_line' id='line_1_18' title="bbox 206 2467 343 2546; baseline -0.015 -14"><span class='ocrx_word' id='word_1_109' title='bbox 206 2467 269 2534; x_wconf 83' lang='lat' dir='ltr'>fol.</span> <span class='ocrx_word' id='word_1_110' title='bbox 292 2476 343 2546; x_wconf 89' lang='grc'>64.</span> 
     </span>
    </p>

    <p class='ocr_par' dir='ltr' id='par_1_5' title="bbox 168 2578 1101 2883">
     <span class='ocr_line' id='line_1_19' title="bbox 168 2578 1098 2669; baseline 0.01 -27"><span class='ocrx_word' id='word_1_111' title='bbox 168 2606 289 2626; x_wconf 91' lang='lat'>---</span> <span class='ocrx_word' id='word_1_112' title='bbox 315 2598 358 2641; x_wconf 81' lang='lat' dir='ltr'>ex</span> <span class='ocrx_word' id='word_1_113' title='bbox 379 2580 534 2644; x_wconf 82' lang='lat' dir='ltr'>universa</span> <span class='ocrx_word' id='word_1_114' title='bbox 554 2578 794 2667; x_wconf 71' lang='lat' dir='ltr'>Philosophia,</span> <span class='ocrx_word' id='word_1_115' title='bbox 827 2602 916 2669; x_wconf 84' lang='lat' dir='ltr'>quas</span> <span class='ocrx_word' id='word_1_116' title='bbox 948 2585 1098 2654; x_wconf 80' lang='lat' dir='ltr'>absoluto</span> 
     </span>
     <span class='ocr_line' id='line_1_20' title="bbox 211 2681 1099 2778; baseline 0.012 -33"><span class='ocrx_word' id='word_1_117' title='bbox 211 2681 314 2745; x_wconf 87' lang='lat' dir='ltr'>totius</span> <span class='ocrx_word' id='word_1_118' title='bbox 345 2682 584 2769; x_wconf 66' lang='lat' dir='ltr'><strong>Philosophiae</strong></span> <span class='ocrx_word' id='word_1_119' title='bbox 615 2690 709 2752; x_wconf 85' lang='lat' dir='ltr'>cursu</span> <span class='ocrx_word' id='word_1_120' title='bbox 732 2691 767 2753; x_wconf 92' lang='lat' dir='ltr'>in</span> <span class='ocrx_word' id='word_1_121' title='bbox 796 2687 958 2778; x_wconf 80' lang='lat' dir='ltr'>collegio</span> <span class='ocrx_word' id='word_1_122' title='bbox 988 2692 1099 2760; x_wconf 86' lang='lat' dir='ltr'>Caela·</span> 
     </span>
     <span class='ocr_line' id='line_1_21' title="bbox 209 2790 1101 2883; baseline 0.015 -32"><span class='ocrx_word' id='word_1_123' title='bbox 209 2806 269 2852; x_wconf 86' lang='lat' dir='ltr'>reo</span> <span class='ocrx_word' id='word_1_124' title='bbox 291 2790 467 2855; x_wconf 73' lang='lat' dir='ltr'>Viennensi</span> <span class='ocrx_word' id='word_1_125' title='bbox 490 2791 671 2860; x_wconf 85' lang='lat' dir='ltr'>Societatis</span> <span class='ocrx_word' id='word_1_126' title='bbox 691 2795 763 2862; x_wconf 85' lang='lat' dir='ltr'>Jesu</span> <span class='ocrx_word' id='word_1_127' title='bbox 786 2799 959 2883; x_wconf 85' lang='lat' dir='ltr'>specimen</span> <span class='ocrx_word' id='word_1_128' title='bbox 973 2800 1101 2866; x_wconf 77' lang='lat' dir='ltr'>laboris</span> 
     </span>
    </p>
   </div>
   <div class='ocr_carea' id='block_1_3' title="bbox 204 2900 1097 3299">
    <p class='ocr_par' dir='ltr' id='par_1_6' title="bbox 204 2900 1097 3298">
     <span class='ocr_line' id='line_1_22' title="bbox 204 2900 1097 2998; baseline 0.015 -36"><span class='ocrx_word' id='word_1_129' title='bbox 204 2913 237 2963; x_wconf 92' lang='lat' dir='ltr'>et</span> <span class='ocrx_word' id='word_1_130' title='bbox 270 2900 439 2987; x_wconf 80' lang='lat' dir='ltr'>profectus</span> <span class='ocrx_word' id='word_1_131' title='bbox 480 2906 632 2968; x_wconf 86' lang='lat' dir='ltr'>editurus</span> <span class='ocrx_word' id='word_1_132' title='bbox 664 2906 894 2973; x_wconf 75' lang='lat' dir='ltr'>defendendas</span> <span class='ocrx_word' id='word_1_133' title='bbox 940 2913 1097 2998; x_wconf 81' lang='lat' dir='ltr'>proponit</span> 
     </span>
     <span class='ocr_line' id='line_1_23' title="bbox 206 3006 1096 3107; baseline 0.017 -39"><span class='ocrx_word' id='word_1_134' title='bbox 206 3006 359 3073; x_wconf 78' lang='lat' dir='ltr'>Thomas</span> <span class='ocrx_word' id='word_1_135' title='bbox 390 3009 534 3094; x_wconf 70' lang='lat' dir='ltr'>Baldsfy</span> <span class='ocrx_word' id='word_1_136' title='bbox 577 3010 898 3099; x_wconf 76' lang='lat' dir='ltr'>claudiopolitanus</span> <span class='ocrx_word' id='word_1_137' title='bbox 945 3021 1096 3107; x_wconf 82' lang='lat' dir='ltr'>Ungarus</span> 
     </span>
     <span class='ocr_line' id='line_1_24' title="bbox 204 3112 1094 3203; baseline 0.02 -29"><span class='ocrx_word' id='word_1_138' title='bbox 204 3112 358 3178; x_wconf 85' lang='lat' dir='ltr'>Praefide</span> <span class='ocrx_word' id='word_1_139' title='bbox 388 3114 425 3180; x_wconf 68' lang='grc' dir='ltr'>ι’.</span> <span class='ocrx_word' id='word_1_140' title='bbox 449 3112 596 3203; x_wconf 77' lang='lat' dir='ltr'>Georgio</span> <span class='ocrx_word' id='word_1_141' title='bbox 618 3118 812 3185; x_wconf 82' lang='lat' dir='ltr'>Elfinstonio</span> <span class='ocrx_word' id='word_1_142' title='bbox 834 3145 860 3186; x_wconf 90' lang='lat' dir='ltr'>e·</span> <span class='ocrx_word' id='word_1_143' title='bbox 876 3122 1004 3192; x_wconf 89' lang='lat' dir='ltr'>Societ.</span> <span class='ocrx_word' id='word_1_144' title='bbox 1025 3128 1094 3192; x_wconf 75' lang='lat' dir='ltr'>teta</span> 
     </span>
     <span class='ocr_line' id='line_1_25' title="bbox 204 3217 1091 3299; baseline 0.019 -18"><span class='ocrx_word' id='word_1_145' title='bbox 204 3220 355 3283; x_wconf 80' lang='lat' dir='ltr'>Viennae</span> <span class='ocrx_word' id='word_1_146' title='bbox 386 3217 535 3286; x_wconf 85' lang='lat' dir='ltr'>Aullriae</span> <span class='ocrx_word' id='word_1_147' title='bbox 568 3246 611 3289; x_wconf 86' lang='lat' dir='ltr'>ex</span> <span class='ocrx_word' id='word_1_148' title='bbox 641 3223 779 3292; x_wconf 85' lang='lat' dir='ltr'>officina</span> <span class='ocrx_word' id='word_1_149' title='bbox 811 3227 934 3299; x_wconf 86' lang='lat' dir='ltr'>Franc.</span> <span class='ocrx_word' id='word_1_150' title='bbox 980 3229 1091 3298; x_wconf 79' lang='lat' dir='ltr'>Kolbii</span> 
     </span>
    </p>
   </div>
   <div class='ocr_carea' id='block_1_4' title="bbox 202 3324 1094 3513">
    <p class='ocr_par' dir='ltr' id='par_1_7' title="bbox 202 3324 1094 3513">
     <span class='ocr_line' id='line_1_26' title="bbox 210 3324 1094 3423; baseline 0.019 -37"><span class='ocrx_word' id='word_1_151' title='bbox 210 3324 619 3413; x_wconf 75' lang='lat' dir='ltr'>1601.1n4plryler.4</span> <span class='ocrx_word' id='word_1_152' title='bbox 641 3350 809 3399; x_wconf 81' lang='lat' dir='ltr'>unacum</span> <span class='ocrx_word' id='word_1_153' title='bbox 843 3335 980 3423; x_wconf 81' lang='lat' dir='ltr'>Elogiis</span> <span class='ocrx_word' id='word_1_154' title='bbox 1000 3352 1094 3404; x_wconf 88' lang='lat' dir='ltr'>auto·</span> 
     </span>
     <span class='ocr_line' id='line_1_27' title="bbox 202 3431 511 3513; baseline 0.02 -23"><span class='ocrx_word' id='word_1_155' title='bbox 202 3431 250 3491; x_wconf 88' lang='lat' dir='ltr'>ris</span> <span class='ocrx_word' id='word_1_156' title='bbox 273 3450 334 3513; x_wconf 86' lang='lat' dir='ltr'>per</span> <span class='ocrx_word' id='word_1_157' title='bbox 351 3433 511 3502; x_wconf 87' lang='lat' dir='ltr'>diversos.</span> 
     </span>
    </p>
   </div>
   <div class='ocr_carea' id='block_1_5' title="bbox 161 3530 1095 3745">
    <p class='ocr_par' dir='ltr' id='par_1_8' title="bbox 161 3530 1095 3745">
     <span class='ocr_line' id='line_1_28' title="bbox 161 3530 1095 3625; baseline 0.021 -32"><span class='ocrx_word' id='word_1_158' title='bbox 161 3530 359 3599; x_wconf 81' lang='lat' dir='ltr'>Paosonra</span> <span class='ocrx_word' id='word_1_159' title='bbox 392 3542 509 3606; x_wconf 86' lang='lat' dir='ltr'>leude</span> <span class='ocrx_word' id='word_1_160' title='bbox 532 3541 753 3625; x_wconf 84' lang='lat' dir='ltr'>Syllabarum</span> <span class='ocrx_word' id='word_1_161' title='bbox 781 3545 1000 3615; x_wconf 89' lang='lat' dir='ltr'>Dimenlione</span> <span class='ocrx_word' id='word_1_162' title='bbox 1021 3569 1095 3616; x_wconf 85' lang='lat' dir='ltr'>ver</span> 
     </span>
     <span class='ocr_line' id='line_1_29' title="bbox 200 3638 1091 3745; baseline 0.022 -43"><span class='ocrx_word' id='word_1_163' title='bbox 200 3639 237 3702; x_wconf 85' lang='lat' dir='ltr'>lu</span> <span class='ocrx_word' id='word_1_164' title='bbox 263 3638 418 3708; x_wconf 85' lang='lat' dir='ltr'>breviore</span> <span class='ocrx_word' id='word_1_165' title='bbox 449 3660 483 3711; x_wconf 91' lang='lat' dir='ltr'>et</span> <span class='ocrx_word' id='word_1_166' title='bbox 519 3648 683 3716; x_wconf 87' lang='lat' dir='ltr'>lucidiore</span> <span class='ocrx_word' id='word_1_167' title='bbox 714 3655 838 3740; x_wconf 81' lang='lat' dir='ltr'>scripta</span> <span class='ocrx_word' id='word_1_168' title='bbox 869 3672 902 3722; x_wconf 87' lang='lat' dir='ltr'>et</span> <span class='ocrx_word' id='word_1_169' title='bbox 925 3657 1091 3745; x_wconf 81' lang='lat' dir='ltr'>exemplis</span> 
     </span>
    </p>
   </div>
   <div class='ocr_carea' id='block_1_6' title="bbox 115 3744 1090 4150">
    <p class='ocr_par' dir='ltr' id='par_1_9' title="bbox 115 3744 1090 4075">
     <span class='ocr_line' id='line_1_30' title="bbox 199 3744 1089 3851; baseline 0.025 -41"><span class='ocrx_word' id='word_1_170' title='bbox 199 3744 364 3811; x_wconf 79' lang='lat' dir='ltr'>illustrata</span> <span class='ocrx_word' id='word_1_171' title='bbox 392 3770 413 3813; x_wconf 89' lang='lat' dir='ltr'>a</span> <span class='ocrx_word' id='word_1_172' title='bbox 446 3749 682 3841; x_wconf 83' lang='lat' dir='ltr'>Christophoro</span> <span class='ocrx_word' id='word_1_173' title='bbox 717 3760 961 3851; x_wconf 78' lang='lat' dir='ltr'>Regelsberger</span> <span class='ocrx_word' id='word_1_174' title='bbox 982 3766 1089 3832; x_wconf 84' lang='lat' dir='ltr'>Poeti-</span> 
     </span>
     <span class='ocr_line' id='line_1_31' title="bbox 115 3853 1087 3938; baseline 0.022 -25"><span class='ocrx_word' id='word_1_175' title='bbox 115 3882 118 3889; x_wconf 93' lang='lat'>·</span> <span class='ocrx_word' id='word_1_176' title='bbox 203 3870 263 3919; x_wconf 85' lang='lat' dir='ltr'>oae</span> <span class='ocrx_word' id='word_1_177' title='bbox 284 3853 479 3924; x_wconf 86' lang='lat' dir='ltr'>Profellore.</span> <span class='ocrx_word' id='word_1_178' title='bbox 500 3893 544 3911; x_wconf 93' lang='lat'><em>-</em></span> <span class='ocrx_word' id='word_1_179' title='bbox 564 3868 618 3930; x_wconf 85' lang='lat' dir='ltr'>Ad</span> <span class='ocrx_word' id='word_1_180' title='bbox 637 3867 828 3934; x_wconf 77' lang='lat' dir='ltr'>iuventutis</span> <span class='ocrx_word' id='word_1_181' title='bbox 851 3874 946 3937; x_wconf 86' lang='lat' dir='ltr'>ulum</span> <span class='ocrx_word' id='word_1_182' title='bbox 965 3874 1087 3938; x_wconf 86' lang='lat' dir='ltr'>additis</span> 
     </span>
     <span class='ocr_line' id='line_1_32' title="bbox 202 3964 1090 4075; baseline 0.025 -50"><span class='ocrx_word' id='word_1_183' title='bbox 202 3964 360 4075; x_wconf 64' lang='lat' dir='ltr'>¹refilium</span> <span class='ocrx_word' id='word_1_184' title='bbox 391 3965 580 4054; x_wconf 82' lang='lat' dir='ltr'>lyricorum</span> <span class='ocrx_word' id='word_1_185' title='bbox 608 3975 799 4045; x_wconf 69' lang='lat' dir='ltr'>§clematis</span> <span class='ocrx_word' id='word_1_186' title='bbox 828 3982 925 4049; x_wconf 85' lang='lat' dir='ltr'>edita</span> <span class='ocrx_word' id='word_1_187' title='bbox 944 4002 965 4047; x_wconf 87' lang='lat' dir='ltr'>a</span> <span class='ocrx_word' id='word_1_188' title='bbox 984 3981 1090 4046; x_wconf 77' lang='lat' dir='ltr'>Fran·</span> 
     </span>
    </p>

    <p class='ocr_par' dir='ltr' id='par_1_10' title="bbox 972 4094 1059 4150">
     <span class='ocr_line' id='line_1_33' title="bbox 972 4094 1059 4150; baseline -0.023 0"><span class='ocrx_word' id='word_1_189' title='bbox 972 4094 1059 4150; x_wconf 61' lang='lat' dir='ltr'>exten</span> 
     </span>
    </p>
   </div>
   <div class='ocr_carea' id='block_1_7' title="bbox 1134 1587 1136 3089">
    <p class='ocr_par' dir='ltr' id='par_1_11' title="bbox 1134 1587 1136 3089">
     <span class='ocr_line' id='line_1_34' title="bbox 1134 1587 1136 3089; baseline 0 0"><span class='ocrx_word' id='word_1_190' title='bbox 1134 1587 1136 3089; x_wconf 95' lang='lat' dir='ltr'> </span> 
     </span>
    </p>
   </div>
   <div class='ocr_carea' id='block_1_8' title="bbox 1129 4072 1134 4125">
    <p class='ocr_par' dir='ltr' id='par_1_12' title="bbox 1129 4072 1134 4125">
     <span class='ocr_line' id='line_1_35' title="bbox 1129 4072 1134 4125; baseline 0 0"><span class='ocrx_word' id='word_1_191' title='bbox 1129 4072 1134 4125; x_wconf 80' lang='lat' dir='ltr'>l</span> 
     </span>
    </p>
   </div>
   <div class='ocr_carea' id='block_1_9' title="bbox 0 0 1140 4464">
    <p class='ocr_par' dir='ltr' id='par_1_13' title="bbox 0 0 1140 4464">
     <span class='ocr_line' id='line_1_36' title="bbox 0 0 1140 4464; baseline 0 0"><span class='ocrx_word' id='word_1_192' title='bbox 0 0 1140 4464; x_wconf 95' lang='lat' dir='ltr'> </span> 
     </span>
    </p>
   </div>
  </div>
 </body>
</html>
