2272 4464
54 608 73 643 ν
158 628 233 705 37.
560 566 680 667 Pir.
728 588 735 599 ·

68 770 74 779 '
168 799 297 863 rain
319 788 397 858 toa.
423 788 624 875 uagyarnu
646 786 766 851 roton.
787 784 899 873 flung.
919 814 959 837 -
978 780 1075 877 ur*

217 908 461 989 Argumentum
496 895 603 959 Poeta
626 893 740 955 'morti
775 884 961 977 proximus
983 894 1087 961 munh

213 1007 397 1083 valedicit,
427 998 593 1087 possremo
623 1017 707 1063 vero
730 993 824 1063 Jo'vis
855 996 1058 1063 auxilium'

209 1113 336 1201 plorat.
358 1130 384 1173 a.
407 1108 430 1179 l.
451 1120 486 1175 et
506 1127 540 1171 a.
562 1102 704 1193 (1806.)
724 1106 760 1169 in
780 1120 813 1183 4
834 1102 905 1170 fol.
926 1118 962 1183 4.·

176 1252 299 1275 --—
323 1216 493 1281 Salutatiu
515 1212 639 1279 Sacrae
662 1211 816 1278 Coronae
836 1212 863 1277 1.
898 1210 1010 1299 Regni
1027 1212 1092 1279 nu·

215 1325 374 1413 gariaee
402 1318 593 1413 Metropoii
623 1318 714 1385 Urbe
742 1316 885 1383 Budeuir
914 1317 975 1383 rub
1010 1318 1090 1385 Bello

212 1428 350 1494 Gallico
374 1444 463 1491 anno
491 1436 582 1505 ¹8⁰5·
600 1428 647 1491 ad
669 1426 782 1490 locum
816 1426 1028 1503 securiorem
1046 1426 1090 1493 ai·

156 1584 159 1589 -
213 1537 325 1617 latae,
357 1535 503 1619 sequenti
527 1552 611 1598 vero
634 1552 725 1598 anno
752 1534 844 1607 1806.
870 1534 996 1599 meniis
1016 1536 1088 1601 Mar·

62 1650 87 1717 .'
211 1646 251 1709 tii
274 1643 330 1707 die
362 1656 414 1722 23.
440 1643 529 1704 inter
559 1639 751 1727 Applausua
780 1641 889 1704 totiua
919 1640 1029 1727 Regni
1052 1628 1098 1707 fa?

214 1750 305 1816 lenni
329 1767 405 1811 cum
429 1767 559 1833 pompa
578 1750 614 1812 in
635 1749 764 1813 sacram
787 1750 884 1813 [uam
899 1748 1021 1813 aedem
1035 1748 1087 1812 Bu·

218 1859 353 1923 deniem
378 1859 547 1923 reductae.
571 1870 602 1921 s.
624 1855 648 1923 Ι.
668 1858 703 1920 in
725 1869 757 1933 4.
778 1854 901 1925 folior.
918 1876 951 1939 3.

178 1998 303 2019 --—
326 1965 458 2029 Halotti
481 1940 626 2029 butauzti
649 1964 786 2045 rerich,
808 1962 1013 2047 mellyekkel
1032 1963 1102 2027 Fel-

214 2070 309 2157 riges
351 2070 523 2134 Tsaizairi.
565 2082 629 2135 etc.
673 2070 861 2156 Hertzegnk
909 2068 1097 2133 Alexandra

211 2176 410 2239 Pawlowna
449 2173 525 2239 sels.
564 2174 698 2258 Kiralyi
737 2159 769 2239 ὅ
811 2172 1096 2263 Hertzegstginek

206 2281 301 2346 stret
328 2280 500 2344 Antalnak
525 2300 668 2366 magyar
695 2281 822 2368 oriza'gi
848 2282 973 2353 Naidor
995 2283 1094 2371 ispiu-

210 2387 349 2469 nyanak
374 2388 432 2450 hiv
461 2385 497 2449 έε
529 2388 705 2451 izerelmes
726 2390 813 2452 hitea
835 2389 928 2453 tarsa
951 2392 983 2452 e’
1006 2388 1099 2476 vitag·

203 2492 255 2557 161
290 2515 365 2579 meg
412 2493 541 2558 va‘lvau
580 2496 837 2582 kiiziinsegelien
872 2498 905 2561 ei
947 2496 1097 2561 butarizik

210 2610 301 2669 1801.
333 2602 410 2664 ei'zt.
445 2600 542 2663 Buda
573 2622 716 2688 magyar
746 2602 862 2689 orizag
888 2603 927 2667 fri
954 2602 1101 2669 varnisri·

204 2702 285 2767 ban.
319 2703 430 2769 Pesten
462 2704 625 2770 Trattner
654 2708 794 2793 Ma'tyas
827 2711 1101 2791 batitivel.1804

212 2812 246 2873 in
269 2824 299 2889 4,
324 2832 399 2896 pag.
423 2823 452 2884 8.

165 2950 289 2969 ---
315 2918 462 3003 Neptuni
494 2917 674 2986 secretarii
706 2925 749 2987 ad
781 2921 897 2988 Istrum
926 2928 1096 2990 Advocati

202 3027 320 3110 Elegia
374 3026 501 3091 Comiti
531 3028 719 3095 Theodoro
750 3032 925 3117 Batthya'n
951 3033 989 3104 S.
1010 3034 1048 3099 C.
1066 3047 1095 3098 et

205 3132 246 3196 R.
270 3136 310 3196 A.
334 3134 383 3197 M.
408 3136 478 3195 Act.
500 3134 563 3200 Int.
586 3134 700 3200 Statua
734 3136 935 3203 Confiiiario
972 3139 1098 3225 etaie-

201 3238 252 3301 lix
276 3240 357 3301 novi
381 3243 461 3303 anui
490 3255 587 3324 ¹8⁰3··
601 3243 787 3327 auspicium
814 3246 1093 3330 aggratulaturia.

201 3343 318 3408 Budae
342 3344 453 3428 Typis
477 3345 517 3411 R.
540 3347 642 3413 Univ.
664 3351 699 3411 in
720 3347 784 3412 fol.
808 3350 941 3433 phyler.
968 3368 998 3417 ι.

164 3479 287 3499 ---
312 3450 556 3514 Monomachia
577 3454 665 3516 inter
687 3455 830 3519 Poetam
863 3471 1043 3543 aegrotum
1063 3467 1096 3522 et
1114 3446 1117 3451 ’

199 3554 325 3618 Parcas
349 3575 374 3618 s.
397 3558 420 3626 l.
451 3570 539 3640 ¹8⁰3·
563 3563 596 3623 in
614 3573 645 3637 4.
667 3563 784 3629 folior.
806 3576 838 3642 4

160 3660 399 3745 BAPIMANUS
431 3664 752 3739 ΤΕΤΡΑΓΩΝΟΣ
781 3672 849 3735 hoc
879 3671 923 3736 est
951 3675 1009 3737 vir
1030 3690 1094 3735 rna·

198 3773 377 3855 gnanimus
400 3770 519 3855 julius,
552 3776 724 3859 constans,
764 3782 914 3863 rectique
938 3781 1093 3865 pertinax
1130 3766 1132 3773 ¹

196 3877 234 3939 in
256 3872 445 3939 Theatrum
470 3881 657 3963 productus
679 3898 744 3951 etc.
766 3885 811 3948 ab
841 3881 1021 3950 Juventute
1041 3884 1095 3945 In·

206 3984 292 4069 clyti
319 3982 493 4072 Gymnafii
523 3989 739 4081 Evangelici,
776 3998 869 4081 quod
898 3992 1094 4081 Eperjeffini

984 4102 1049 4193 eit,
