2272 4464
73 1892 78 1909 ·
169 1760 454 1938 Leainon
478 1848 655 1938 Marianae
676 1885 753 1934 cum
773 1866 840 1955 piis
864 1866 1000 1934 animae
1020 1880 1098 1954 poe·

211 1980 350 2044 nitentis
372 1978 550 2063 gemitibus
563 1964 855 2064 Epigr'ammatum
869 1971 1097 2038 Miscellaneo·

117 2070 121 2081 ⁵
214 2105 289 2150 tum
322 2085 510 2171 appendice
543 2104 602 2170 per
634 2100 768 2144 omnem
801 2076 919 2143 Christi
943 2079 1098 2163 patientis

213 2207 359 2258 aetatem
389 2213 412 2256 a
442 2192 594 2278 Deipara
621 2191 731 2253 Matre
754 2189 1009 2272 compatiente,
1043 2187 1098 2247 do·

219 2297 328 2361 lenter
359 2296 503 2378 effusae,
537 2315 622 2380 quas
661 2295 848 2378 composuit
879 2294 1049 2356 Martinus
1078 2311 1098 2354 a

212 2389 413 2469 visitatione
436 2405 473 2469 B.
496 2404 543 2466 M.
565 2407 606 2468 V.
629 2401 782 2468 Scholar.
805 2400 894 2464 Piar.
922 2399 1097 2465 Profeiius.

83 2533 90 2543 ·
211 2507 410 2592 Tyrnaviae
434 2509 545 2593 Typis
567 2511 672 2572 Acad.
697 2522 788 2590 1740.
812 2510 846 2570 in
867 2519 898 2580 8.
929 2500 1008 2592 pog.
1031 2523 1096 2588 123.

166 2616 354 2691 hiemum
377 2615 671 2680 Cuniseoenom
695 2649 731 2664 -
757 2618 861 2678 Actus
892 2611 1095 2676 Oeconomi-

210 2725 336 2802 micus,
360 2741 419 2805 per
441 2719 603 2803 Illustres,
627 2719 854 2808 spectabiles,
878 2718 1094 2805 Magnificos,

213 2825 411 2900 Generosos,
434 2826 602 2911 Egregios,
622 2831 839 2912 optimaeque
863 2829 930 2912 spei
955 2825 1093 2920 Jutfenes

210 2931 387 2995 studiosos
409 2929 681 3017 Sempronienies
703 2930 889 3016 pubttcitus
918 2933 984 2994 An.
1010 2937 1093 3012 ¹⁶¹9·

210 3040 401 3125 Sempronii
434 3039 612 3105 exhibitus.
643 3039 857 3104 Francofurti
888 3042 925 3103 in
944 3035 1094 3103 officina-

136 3198 149 3221 !
211 3142 317 3209 Jonae
341 3145 444 3208 Rosae
469 3151 559 3226 1619.
581 3148 615 3209 in
638 3157 668 3218 8.
691 3167 766 3232 pag.
788 3167 840 3227 70.

48 3256 71 3310 .'
165 3248 364 3314 Limvem
387 3252 509 3314 Eme
531 3251 625 3316 Prof.
647 3255 681 3315 in
702 3251 828 3334 Gymn.
849 3251 980 3336 Evang.
1012 3251 1116 3337 Epo.

208 3356 303 3420 rienli
327 3389 363 3405 -
388 3357 582 3424 Summulae
597 3362 765 3448 Logicae‚
787 3364 822 3424 in
844 3363 967 3446 quibus
989 3358 1093 3424 omnis

207 3460 366 3526 formalis
389 3469 476 3528 ratio
501 3469 758 3549 argumentandi
780 3467 974 3532 delineatur
995 3479 1028 3534 et
1042 3488 1093 3531 ex·

187 3558 366 3650 ¹primitur
389 3589 429 3630 ac
450 3569 971 3637 adControverfiasDialecticas
988 3576 1093 3660 dispo.

206 3680 310 3769 pitur.
333 3676 457 3743 Solnae
478 3680 590 3767 Typis
620 3683 759 3773 Joapnis
788 3683 913 3750 Dadan
945 3684 1038 3768 1671.
1060 3685 1093 3755 io

206 3794 237 3856 8.
258 3784 445 3866 folmu-12.

163 3888 344 3992 Liptvmt
384 3891 578 3963 Simonem
619 3894 806 3963 Solnaenfie
845 3897 1013 3973 Pannonii
1051 3925 1092 3943 -

204 3992 396 4084 Disputatio
416 3997 629 4087 Theologica
651 4005 692 4069 de
714 4001 871 4072 Ecclesia.
890 3999 1094 4068 Catechismi

982 4106 1049 4175 Pa·
