2272 4464
1 607 6 616 ¹
63 636 281 701 liscoom
301 627 339 694 di
358 624 456 695 varie
477 620 694 704 Chroniehe,
719 616 848 699 Dioni,
864 614 917 699 ,ed
935 615 994 688 dui

112 737 268 826 opusculi
288 735 354 801 oosi
376 733 536 813 lteliuni,
565 749 671 797 some
706 727 837 791 Latini
868 738 992 809 apprre-

113 846 208 912 uenti
233 842 308 909 alsa
340 839 457 909 Storie
483 837 541 905 del
576 837 703 924 Regno
738 837 780 901 di
815 833 994 920 Nepuliv

120 951 238 1016 Toni.
261 948 389 1037 Nepoli
410 946 518 1036 prelio
537 940 726 1015 Beroerdo
746 943 883 1029 Berger
902 953 994 1026 ¹78⁰·

121 1070 213 1141 1782.
231 1058 268 1121 in
287 1068 319 1133 4.

74 1163 212 1231 Rnaunr
241 1162 508 1263 Srcnnrcsnosr
538 1159 742 1255 Scriptores
766 1173 814 1221 ex
836 1152 996 1220 amdon-

120 1268 183 1334 but
205 1274 379 1358 proecipui
400 1274 438 1339 in
460 1289 562 1336 uouur
586 1267 732 1352 Corpus
761 1279 858 1325 nuno
877 1261 994 1344 primun

2 1464 5 1469 Ι
107 1366 276 1465 oongest'i,
318 1376 538 1466 diligentique
574 1372 828 1459 recognitione
866 1365 995 1454 plutini

115 1484 153 1546 in
190 1486 276 1551 souis
306 1488 500 1553 emendati.
525 1470 759 1550 Fronoosurti
798 1477 891 1564 opud
925 1478 993 1544 Atd

117 1589 326 1657 Weoheliuur
350 1607 441 1674 1579.
464 1594 500 1659 in
519 1586 585 1659 sol.
721 1612 729 1623 ’

162 1848 199 1957 S
237 1846 285 1959 C
320 1846 372 1961 R
407 1850 432 1959 Ι
467 1850 511 1960 Ρ
548 1848 601 1961 Τ
638 1846 697 1957 Ο
740 1844 943 1957 RES

83 2038 210 2174 usn.
237 2036 535 2119 sennenn.
557 2039 632 2117 us
664 2034 1007 2119 fflsrsutcsu

80 2233 270 2408 Consus
282 2327 508 2393 insectere
528 2326 759 2393 Hrsnonrss
773 2329 903 2394 veteris
915 2338 948 2392 et
961 2325 1007 2391 fir·

120 2452 248 2511 ¹cerae,
270 2435 305 2497 in
327 2451 394 2518 quo
425 2433 520 2519 prisci
542 2435 613 2514 ejus
640 2432 840 2520 Scriptores
863 2434 1009 2501 hostem

125 2542 221 2602 miris
243 2542 352 2603 modis
375 2540 410 2603 in
431 2538 589 2604 ouiuibus
616 2540 829 2604 editionibus
853 2542 1008 2627 depreva-

121 2647 161 2722 ti,
172 2640 307 2722 consus,
320 2661 406 2709 nunc
425 2644 563 2708 tandem
586 2643 672 2711 serio
693 2643 887 2725 emendati,
903 2657 935 2708 et
954 2663 1008 2730 pro

94 2754 241 2821 -urdine
275 2761 467 2833 temporum
503 2748 669 2834 dispositi,
712 2749 1011 2838 Pseudepigrepit

122 2857 214 2920 veris
242 2853 437 2918 auctoribus
465 2852 531 2916 suis
563 2850 729 2932 restituta,
765 2853 810 2919 sio
832 2868 871 2918 ut
892 2855 1010 2943 singula

125 2980 218 3025 nova
245 2962 353 3024 videri
385 2959 528 3043 possint,
560 2978 627 3022 uno
657 2959 837 3026 volumine
860 2962 1010 3030 exhiben-

124 3082 191 3134 tur.
211 3067 387 3167 Hanoviae
411 3065 523 3152 Typis
543 3064 778 3133 Wecheliauis
799 3069 890 3151 1613·
900 3071 936 3133 in
956 3067 1012 3135 fol.

85 3174 300 3239 ihsssursn
335 3170 517 3237 illustratae
545 3173 598 3237 seu
626 3173 774 3255 Rerum,
808 3176 1009 3261 Urbiumque

126 3280 325 3366 Hispaniae,
350 3278 558 3358 Lusitaniae,
586 3280 812 3372 Aethiopiae,
842 3298 877 3350 et
899 3285 1009 3349 indiae

128 3382 317 3471 Scriptores
348 3388 436 3453 varii
465 3388 589 3473 partim
620 3391 703 3457 editi
733 3410 824 3457 nunc
846 3394 1005 3479 primum,

128 3492 253 3572 partim
274 3492 367 3557 aucti
394 3502 497 3574 atque
526 3494 694 3559 emendati
718 3494 828 3561 Tomi
847 3498 902 3565 Iis.
931 3517 1009 3583 ope·

131 3609 169 3654 ra
189 3604 222 3655 et
243 3590 348 3655 studio
379 3596 562 3663 doctorum
584 3597 774 3671 hominum.
787 3602 938 3670 ,itcoessit
959 3622 1007 3664 re·

128 3717 200 3760 rum
224 3696 496 3764 memorabilium
519 3716 553 3771 et
575 3704 757 3771 verborum
788 3709 896 3774 Iudex
920 3708 1008 3793 copi·

127 3803 303 3875 ustssimus.
324 3807 541 3881 Francofurti
566 3814 795 3900 1603-1603.
818 3822 852 3887 in
874 3815 936 3883 fol.

843 3920 959 4001 SCRI-
