2272 4464
86 508 160 589 ⁴80
478 422 616 561 SYNs

137 692 269 778 origine
291 700 353 751 sua
373 680 563 751 comitatui
577 678 799 773 scepufiens'r
815 680 1016 759 subierim

138 802 376 878 educentium,
419 816 464 859 ex
494 796 588 859 Actis
618 796 666 860 ad
693 792 817 859 Suam
854 794 931 877 bsai.
949 794 1017 865 sacr.

141 922 175 975 et
207 906 386 971 novill'rma
418 902 528 987 Regni
561 898 723 967 Comitia
755 900 840 965 hoo
869 902 905 967 in
932 908 1018 971 mitt

143 1016 300 1097 utrinque
322 1012 476 1075 deductis
500 1021 619 1087 eruta3
641 1024 729 1073 cum
755 1004 963 1075 Recenhoue
978 1012 1021 1079 le·

141 1120 322 1185 fucationir
355 1118 568 1181 Motivorum
591 1115 897 1183 Comitatenlium
922 1124 1028 1189 nom

146 1228 236 1293 XIII.
259 1226 521 1313 oppidanorum
551 1230 644 1314 typis
661 1228 864 1314 vulgatae.
887 1227 1024 1297 haustis·

143 1342 223 1401 viae
250 1350 340 1414 ¹79¹·
363 1332 481 1403 insol.
505 1336 599 1420 phyl.
625 1354 674 1401 rs.

106 1440 370 1515 ΣΥΝΤΑΓΜΑ
400 1441 634 1506 brevissimum
663 1442 726 1506 sed
749 1442 917 1507 maxime
935 1442 1025 1531 perspi·

146 1548 246 1613 cuum
278 1554 320 1615 de
349 1548 483 1615 duabus
514 1553 549 1613 in
578 1546 711 1614 Christo
748 1552 914 1633 naturis,
939 1566 1026 1617 erm·

69 1704 73 1709 -
149 1658 228 1721 dem
251 1658 378 1722 unione
392 1654 559 1742 personali
573 1667 607 1717 et
623 1659 953 1723 communicatione
963 1656 1027 1723 lde

151 1774 307 1845 matum,
329 1766 366 1827 in
388 1782 455 1847 quo
474 1763 519 1826 ad
533 1762 667 1825 oculum
691 1760 965 1841 demonstratur,
977 1760 1030 1825 lio·

154 1872 300 1935 ctriuam
323 1871 366 1933 de
380 1869 662 1954 omnipraesentia
681 1864 816 1931 euritii
838 1866 1032 1933 hominisne·

155 1994 328 2061 quaquam
353 1977 531 2041 absurdam
558 1978 637 2055 elle,
665 1978 726 2041 sed
760 1996 812 2039 ex
839 1976 959 2039 unione
976 1990 1032 2061 pet·

160 2084 263 2147 sonuli
285 2082 481 2149 solidissime
503 2086 622 2151 extrui.
645 2081 867 2170 Oppositum
882 2085 1032 2153 calumnis

155 2208 275 2253 eorum
308 2194 365 2274 qui
398 2210 459 2253 nos
490 2191 661 2255 absolutae
696 2192 921 2259 humanitati
955 2191 1032 2259 Omni

16 2312 22 2327 ·
153 2301 374 2381 praesentiam
386 2298 583 2380 adscribere,
592 2312 651 2363 aut
670 2299 872 2365 Divinitnti
892 2320 1035 2386 exaeqm

153 2422 189 2464 re
222 2407 437 2468 contendunt.
468 2410 592 2468 Amore
623 2409 788 2471 veritatis
822 2421 859 2473 et
893 2408 1037 2471 Ecclesiae

154 2510 231 2572 suae
254 2523 372 2592 rogatu
394 2512 552 2595 scriptum
574 2511 619 2576 ab
641 2512 856 2579 Abrahamo
881 2513 1037 2581 Chrilliaui

155 2612 323 2675 Ecclesiae
344 2614 559 2701 Bartphensrs
580 2618 715 2686 Pasiore
741 2625 845 2705 1609.
882 2622 1039 2710 Bartphte

156 2720 320 2785 Excusum
343 2719 465 2806 Typus
486 2720 602 2787 Jacobi
624 2726 718 2790 Kless
742 2730 777 2790 in
803 2742 838 2803 4.
864 2732 1006 2816 phyl.4

116 2852 238 2875 --—-·
269 2825 480 2895 illustrissimi
513 2850 553 2893 ac
592 2830 885 2903 Reverendissimi
918 2837 1043 2906 Domini

35 2930 41 2939 '
155 2930 320 2997 Francisci
353 2935 507 3020 blihlosy
542 2938 750 3019 honoribus,
793 2945 882 3007 dum
916 2948 1043 3033 Magno.

156 3040 419 3106 Varadinensem
450 3042 687 3131 Episcopatum
711 3052 809 3113 suum
845 3055 961 3137 prima
979 3056 1043 3117 rice

157 3144 336 3211 solenniter
367 3150 616 3234 ingrederetur,
670 3158 900 3227 adornatum.
930 3164 1043 3247 Agriae

129 3250 267 3337 'Typis
292 3254 395 3335 Lycei
422 3270 510 3339 ¹803·
531 3260 565 3322 in
587 3260 649 3325 fol.
672 3264 768 3347 phyl.
795 3284 810 3329 1
844 3270 909 3349 ssu.

116 3352 330 3423 sinerum
373 3361 464 3447 pleni
505 3371 618 3451 gaudii
656 3386 690 3433 et
727 3371 852 3437 lilialis
885 3374 1043 3460 obsequii,

157 3467 248 3546 quod
272 3471 398 3532 meritis
421 3486 456 3535 et
476 3471 664 3537 honoribus
687 3489 749 3542 etc.
772 3474 944 3564 Siephani
966 3481 1044 3547 L.B.

103 3620 112 3649 ,
156 3566 291 3636 Fischer
312 3576 352 3637 de
375 3578 692 3667 Nugy-Szalatnya
726 3599 791 3651 etc.
830 3593 916 3654 dum
952 3610 1042 3655 neoc·

154 3690 266 3740 rectae
289 3682 477 3751 dioeceseos
502 3690 756 3758 s'zarmsrieufis
778 3696 972 3785 Episcopus
999 3718 1045 3760 re·

155 3785 332 3849 nunciatus
354 3790 479 3857 solenni
504 3801 733 3863 universorum
765 3802 809 3868 [l.
831 3804 894 3872 SS.
915 3820 949 3869 et
970 3802 1045 3865 00.

155 3889 262 3971 jubilo
301 3900 515 3987 exciperetur
554 3910 795 3978 VenerablLIr
839 3910 1045 3979 DIrtrlctVs

892 4019 1007 4088 Stath-
