<?xml version="1.0" encoding="UTF-8"?>
<!DOCTYPE html PUBLIC "-//W3C//DTD XHTML 1.0 Transitional//EN"
    "http://www.w3.org/TR/xhtml1/DTD/xhtml1-transitional.dtd">
<html xmlns="http://www.w3.org/1999/xhtml" xml:lang="en" lang="en">
 <head>
  <title>
</title>
<meta http-equiv="Content-Type" content="text/html;charset=utf-8" />
  <meta name='ocr-system' content='tesseract 3.04.00' />
  <meta name='ocr-capabilities' content='ocr_page ocr_carea ocr_par ocr_line ocrx_word'/>
</head>
<body>
  <div class='ocr_page' id='page_1' title='image "./catalogusbiblio00szergoog_0480.png"; bbox 0 0 2272 4464; ppageno 0'>
   <div class='ocr_carea' id='block_1_1' title="bbox 108 546 1005 834">
    <p class='ocr_par' dir='ltr' id='par_1_1' title="bbox 108 546 1005 834">
     <span class='ocr_line' id='line_1_1' title="bbox 367 546 1005 652; baseline 0.041 -27"><span class='ocrx_word' id='word_1_1' title='bbox 367 592 371 601; x_wconf 86' lang='grc'><em>·</em></span> <span class='ocrx_word' id='word_1_2' title='bbox 432 633 435 637; x_wconf 45' lang='grc'><em>,</em></span> <span class='ocrx_word' id='word_1_3' title='bbox 504 546 616 628; x_wconf 81' lang='lat' dir='ltr'><strong>SIM·</strong></span> <span class='ocrx_word' id='word_1_4' title='bbox 820 604 824 613; x_wconf 54' lang='lat'><em>*</em></span> <span class='ocrx_word' id='word_1_5' title='bbox 930 576 1005 652; x_wconf 75' lang='lat'><strong>459</strong></span> 
     </span>
     <span class='ocr_line' id='line_1_2' title="bbox 108 740 999 834; baseline 0.001 -21"><span class='ocrx_word' id='word_1_6' title='bbox 108 768 211 825; x_wconf 60' lang='lat' dir='ltr'><strong>ruma</strong></span> <span class='ocrx_word' id='word_1_7' title='bbox 245 749 300 815; x_wconf 86' lang='lat' dir='ltr'><strong>sed</strong></span> <span class='ocrx_word' id='word_1_8' title='bbox 323 747 396 818; x_wconf 82' lang='lat' dir='ltr'><strong>Nic.</strong></span> <span class='ocrx_word' id='word_1_9' title='bbox 425 740 538 813; x_wconf 76' lang='lat' dir='ltr'><strong>Kellio</strong></span> <span class='ocrx_word' id='word_1_10' title='bbox 570 744 677 811; x_wconf 87' lang='lat' dir='ltr'><strong>Judae</strong></span> <span class='ocrx_word' id='word_1_11' title='bbox 705 746 760 814; x_wconf 83' lang='lat' dir='ltr'><strong>Pr.</strong></span> <span class='ocrx_word' id='word_1_12' title='bbox 779 746 999 834; x_wconf 76' lang='lat' dir='ltr'><strong>,Discipulum</strong></span> 
     </span>
    </p>
   </div>
   <div class='ocr_carea' id='block_1_2' title="bbox 79 854 1116 3837">
    <p class='ocr_par' dir='ltr' id='par_1_2' title="bbox 79 854 1116 3837">
     <span class='ocr_line' id='line_1_3' title="bbox 105 854 1003 940; baseline -0.007 -19"><span class='ocrx_word' id='word_1_13' title='bbox 105 857 200 935; x_wconf 83' lang='lat' dir='ltr'><strong>ell&#39;e;</strong></span> <span class='ocrx_word' id='word_1_14' title='bbox 233 874 294 920; x_wconf 86' lang='lat' dir='ltr'><strong>nec</strong></span> <span class='ocrx_word' id='word_1_15' title='bbox 317 854 501 920; x_wconf 84' lang='lat' dir='ltr'><strong>Lutherum</strong></span> <span class='ocrx_word' id='word_1_16' title='bbox 517 874 600 919; x_wconf 84' lang='lat' dir='ltr'><strong>cum</strong></span> <span class='ocrx_word' id='word_1_17' title='bbox 631 856 806 940; x_wconf 85' lang='lat' dir='ltr'><strong>proditore</strong></span> <span class='ocrx_word' id='word_1_18' title='bbox 827 855 917 924; x_wconf 87' lang='lat' dir='ltr'><strong>Juda</strong></span> <span class='ocrx_word' id='word_1_19' title='bbox 939 856 1003 923; x_wconf 74' lang='lat' dir='ltr'><strong>ha.</strong></span> 
     </span>
     <span class='ocr_line' id='line_1_4' title="bbox 104 960 1074 1050; baseline 0 -20"><span class='ocrx_word' id='word_1_20' title='bbox 104 983 203 1050; x_wconf 84' lang='lat' dir='ltr'><strong>queo</strong></span> <span class='ocrx_word' id='word_1_21' title='bbox 225 966 331 1029; x_wconf 84' lang='lat' dir='ltr'><strong>vitam</strong></span> <span class='ocrx_word' id='word_1_22' title='bbox 353 962 509 1028; x_wconf 80' lang='lat' dir='ltr'><strong>finiville:</strong></span> <span class='ocrx_word' id='word_1_23' title='bbox 534 964 644 1027; x_wconf 80' lang='lat' dir='ltr'><strong>sedin</strong></span> <span class='ocrx_word' id='word_1_24' title='bbox 677 960 802 1027; x_wconf 80' lang='lat' dir='ltr'><strong>Christo</strong></span> <span class='ocrx_word' id='word_1_25' title='bbox 832 964 1005 1030; x_wconf 84' lang='lat' dir='ltr'><strong>obdormi·</strong></span> <span class='ocrx_word' id='word_1_26' title='bbox 1067 996 1074 1007; x_wconf 90' lang='lat'><strong>·</strong></span> 
     </span>
     <span class='ocr_line' id='line_1_5' title="bbox 120 1066 1010 1158; baseline 0 -20"><span class='ocrx_word' id='word_1_27' title='bbox 120 1072 217 1150; x_wconf 76' lang='lat' dir='ltr'><strong>vilre,</strong></span> <span class='ocrx_word' id='word_1_28' title='bbox 235 1075 389 1157; x_wconf 80' lang='lat' dir='ltr'>adeoque</span> <span class='ocrx_word' id='word_1_29' title='bbox 407 1092 475 1136; x_wconf 93' lang='lat' dir='ltr'><strong>non</strong></span> <span class='ocrx_word' id='word_1_30' title='bbox 495 1075 531 1135; x_wconf 89' lang='lat' dir='ltr'><strong>in</strong></span> <span class='ocrx_word' id='word_1_31' title='bbox 554 1074 628 1158; x_wconf 84' lang='lat' dir='ltr'>pice</span> <span class='ocrx_word' id='word_1_32' title='bbox 642 1073 696 1136; x_wconf 84' lang='lat' dir='ltr'><strong>led</strong></span> <span class='ocrx_word' id='word_1_33' title='bbox 718 1074 753 1136; x_wconf 89' lang='lat' dir='ltr'><strong>in</strong></span> <span class='ocrx_word' id='word_1_34' title='bbox 777 1066 860 1155; x_wconf 73' lang='lat' dir='ltr'><strong>pace</strong></span> <span class='ocrx_word' id='word_1_35' title='bbox 882 1075 1010 1158; x_wconf 87' lang='lat' dir='ltr'><strong>requie·</strong></span> 
     </span>
     <span class='ocr_line' id='line_1_6' title="bbox 117 1177 1008 1249; baseline -0.003 -4"><span class='ocrx_word' id='word_1_36' title='bbox 117 1178 210 1245; x_wconf 80' lang='lat' dir='ltr'><strong>fcere</strong></span> <span class='ocrx_word' id='word_1_37' title='bbox 233 1177 386 1244; x_wconf 79' lang='lat' dir='ltr'><strong>Praefide</strong></span> <span class='ocrx_word' id='word_1_38' title='bbox 407 1177 536 1245; x_wconf 90' lang='lat' dir='ltr'><strong>Joanne</strong></span> <span class='ocrx_word' id='word_1_39' title='bbox 556 1178 827 1244; x_wconf 85' lang='lat' dir='ltr'><strong>Dentichmanno</strong></span> <span class='ocrx_word' id='word_1_40' title='bbox 849 1190 912 1249; x_wconf 82' lang='lat' dir='ltr'><strong>etc,</strong></span> <span class='ocrx_word' id='word_1_41' title='bbox 933 1197 1008 1242; x_wconf 90' lang='lat' dir='ltr'><strong>con-</strong></span> 
     </span>
     <span class='ocr_line' id='line_1_7' title="bbox 119 1281 1007 1367; baseline -0.014 -14"><span class='ocrx_word' id='word_1_42' title='bbox 119 1294 180 1353; x_wconf 74' lang='lat' dir='ltr'><strong>tra</strong></span> <span class='ocrx_word' id='word_1_43' title='bbox 201 1283 390 1348; x_wconf 80' lang='lat' dir='ltr'><strong>calumnias</strong></span> <span class='ocrx_word' id='word_1_44' title='bbox 421 1286 455 1353; x_wconf 89' lang='lat' dir='ltr'><strong>io</strong></span> <span class='ocrx_word' id='word_1_45' title='bbox 478 1283 611 1363; x_wconf 87' lang='lat' dir='ltr'><strong>Deum,</strong></span> <span class='ocrx_word' id='word_1_46' title='bbox 642 1286 725 1367; x_wconf 86' lang='lat' dir='ltr'>Aug.</span> <span class='ocrx_word' id='word_1_47' title='bbox 752 1281 852 1350; x_wconf 82' lang='lat' dir='ltr'><strong>Conf.</strong></span> <span class='ocrx_word' id='word_1_48' title='bbox 873 1284 910 1345; x_wconf 90' lang='grc' dir='ltr'><strong>Β.</strong></span> <span class='ocrx_word' id='word_1_49' title='bbox 942 1285 1007 1348; x_wconf 86' lang='lat' dir='ltr'><strong>Lu.</strong></span> 
     </span>
     <span class='ocr_line' id='line_1_8' title="bbox 115 1386 1012 1470; baseline 0.006 -19"><span class='ocrx_word' id='word_1_50' title='bbox 115 1388 276 1470; x_wconf 73' lang='lat' dir='ltr'><strong>thecum,</strong></span> <span class='ocrx_word' id='word_1_51' title='bbox 308 1388 536 1465; x_wconf 86' lang='lat' dir='ltr'><strong>Lutheranos,</strong></span> <span class='ocrx_word' id='word_1_52' title='bbox 567 1388 639 1459; x_wconf 82' lang='lat' dir='ltr'><strong>lesu</strong></span> <span class='ocrx_word' id='word_1_53' title='bbox 679 1386 817 1470; x_wconf 79' lang='lat' dir='ltr'><strong>christi,</strong></span> <span class='ocrx_word' id='word_1_54' title='bbox 848 1401 871 1452; x_wconf 87' lang='lat' dir='ltr'><strong>t.</strong></span> <span class='ocrx_word' id='word_1_55' title='bbox 892 1402 915 1452; x_wconf 89' lang='lat' dir='ltr'><strong>t.</strong></span> <span class='ocrx_word' id='word_1_56' title='bbox 937 1391 1012 1455; x_wconf 87' lang='lat' dir='ltr'><strong>vin·</strong></span> 
     </span>
     <span class='ocr_line' id='line_1_9' title="bbox 118 1494 1011 1581; baseline 0.002 -25"><span class='ocrx_word' id='word_1_57' title='bbox 118 1506 214 1575; x_wconf 78' lang='lat' dir='ltr'><strong>ctos,</strong></span> <span class='ocrx_word' id='word_1_58' title='bbox 250 1515 310 1580; x_wconf 83' lang='lat' dir='ltr'><strong>per</strong></span> <span class='ocrx_word' id='word_1_59' title='bbox 330 1494 488 1563; x_wconf 84' lang='lat' dir='ltr'><strong>ieiuitam</strong></span> <span class='ocrx_word' id='word_1_60' title='bbox 511 1495 693 1560; x_wconf 78' lang='lat' dir='ltr'>Nicolaum</span> <span class='ocrx_word' id='word_1_61' title='bbox 727 1494 841 1559; x_wconf 85' lang='lat' dir='ltr'><strong>Kellio</strong></span> <span class='ocrx_word' id='word_1_62' title='bbox 864 1494 1011 1581; x_wconf 82' lang='lat' dir='ltr'><strong>Leopol·</strong></span> 
     </span>
     <span class='ocr_line' id='line_1_10' title="bbox 115 1592 1009 1685; baseline 0.001 -17"><span class='ocrx_word' id='word_1_63' title='bbox 115 1592 194 1669; x_wconf 81' lang='lat' dir='ltr'><strong>diii</strong></span> <span class='ocrx_word' id='word_1_64' title='bbox 225 1603 260 1663; x_wconf 90' lang='lat' dir='ltr'><strong>in</strong></span> <span class='ocrx_word' id='word_1_65' title='bbox 289 1600 464 1685; x_wconf 82' lang='lat' dir='ltr'><strong>Hungaria</strong></span> <span class='ocrx_word' id='word_1_66' title='bbox 492 1603 592 1665; x_wconf 84' lang='lat' dir='ltr'><strong>Anno</strong></span> <span class='ocrx_word' id='word_1_67' title='bbox 631 1606 720 1683; x_wconf 81' lang='lat'><strong>1674</strong></span> <span class='ocrx_word' id='word_1_68' title='bbox 743 1603 811 1667; x_wconf 90' lang='lat' dir='ltr'><strong>.die</strong></span> <span class='ocrx_word' id='word_1_69' title='bbox 848 1620 901 1682; x_wconf 85' lang='lat'><strong>25.</strong></span> <span class='ocrx_word' id='word_1_70' title='bbox 927 1601 1009 1669; x_wconf 88' lang='lat' dir='ltr'><strong>Julii</strong></span> 
     </span>
     <span class='ocr_line' id='line_1_11' title="bbox 93 1702 1012 1792; baseline 0.003 -24"><span class='ocrx_word' id='word_1_71' title='bbox 93 1722 97 1733; x_wconf 85' lang='lat'>·</span> <span class='ocrx_word' id='word_1_72' title='bbox 118 1705 259 1791; x_wconf 81' lang='lat' dir='ltr'><strong>publice</strong></span> <span class='ocrx_word' id='word_1_73' title='bbox 281 1726 323 1775; x_wconf 76' lang='lat' dir='ltr'><strong>ex</strong></span> <span class='ocrx_word' id='word_1_74' title='bbox 347 1703 518 1774; x_wconf 76' lang='lat' dir='ltr'><strong>cathedra</strong></span> <span class='ocrx_word' id='word_1_75' title='bbox 539 1702 670 1769; x_wconf 76' lang='lat' dir='ltr'><strong>effusas.</strong></span> <span class='ocrx_word' id='word_1_76' title='bbox 692 1706 919 1792; x_wconf 83' lang='lat' dir='ltr'><strong>Wittebergae</strong></span> <span class='ocrx_word' id='word_1_77' title='bbox 941 1706 1012 1791; x_wconf 78' lang='lat' dir='ltr'><strong>Ty·</strong></span> 
     </span>
     <span class='ocr_line' id='line_1_12' title="bbox 126 1808 970 1897; baseline 0.006 -24"><span class='ocrx_word' id='word_1_78' title='bbox 126 1812 184 1895; x_wconf 85' lang='lat' dir='ltr'><strong>pis</strong></span> <span class='ocrx_word' id='word_1_79' title='bbox 208 1808 376 1877; x_wconf 78' lang='lat' dir='ltr'><strong>Matthaei</strong></span> <span class='ocrx_word' id='word_1_80' title='bbox 400 1808 573 1878; x_wconf 83' lang='lat' dir='ltr'><strong>llenckelii</strong></span> <span class='ocrx_word' id='word_1_81' title='bbox 599 1811 690 1892; x_wconf 78' lang='lat'>1676.</span> <span class='ocrx_word' id='word_1_82' title='bbox 712 1811 746 1874; x_wconf 94' lang='lat' dir='ltr'><strong>in</strong></span> <span class='ocrx_word' id='word_1_83' title='bbox 768 1823 799 1887; x_wconf 89' lang='lat'><strong>4.</strong></span> <span class='ocrx_word' id='word_1_84' title='bbox 824 1811 916 1897; x_wconf 86' lang='lat' dir='ltr'><strong>phyl.</strong></span> <span class='ocrx_word' id='word_1_85' title='bbox 938 1834 970 1896; x_wconf 88' lang='lat'><strong>7.</strong></span> 
     </span>
     <span class='ocr_line' id='line_1_13' title="bbox 79 1917 1015 2003; baseline 0.006 -23"><span class='ocrx_word' id='word_1_86' title='bbox 79 1946 210 1973; x_wconf 74' lang='grc' dir='ltr'>ι---</span> <span class='ocrx_word' id='word_1_87' title='bbox 240 1917 335 1985; x_wconf 84' lang='lat' dir='ltr'><strong>Lello</strong></span> <span class='ocrx_word' id='word_1_88' title='bbox 368 1919 609 2003; x_wconf 80' lang='lat' dir='ltr'><strong>panegyricum</strong></span> <span class='ocrx_word' id='word_1_89' title='bbox 647 1930 710 1985; x_wconf 85' lang='lat' dir='ltr'><strong>etc.</strong></span> <span class='ocrx_word' id='word_1_90' title='bbox 752 1918 897 1988; x_wconf 82' lang='lat' dir='ltr'><strong>Davidia</strong></span> <span class='ocrx_word' id='word_1_91' title='bbox 929 1920 1015 1987; x_wconf 86' lang='lat' dir='ltr'><strong>Lani</strong></span> 
     </span>
     <span class='ocr_line' id='line_1_14' title="bbox 124 2019 1017 2109; baseline 0.004 -22"><span class='ocrx_word' id='word_1_92' title='bbox 124 2019 353 2093; x_wconf 82' lang='lat' dir='ltr'><strong>Ecclefiarum</strong></span> <span class='ocrx_word' id='word_1_93' title='bbox 375 2023 655 2109; x_wconf 84' lang='lat' dir='ltr'><strong>Evangelicarum</strong></span> <span class='ocrx_word' id='word_1_94' title='bbox 679 2023 923 2105; x_wconf 80' lang='lat' dir='ltr'><strong>Dobronenfis,</strong></span> <span class='ocrx_word' id='word_1_95' title='bbox 947 2024 1017 2091; x_wconf 85' lang='lat' dir='ltr'><strong>Pri·</strong></span> 
     </span>
     <span class='ocr_line' id='line_1_15' title="bbox 123 2129 1018 2216; baseline -0.003 -18"><span class='ocrx_word' id='word_1_96' title='bbox 123 2129 300 2211; x_wconf 81' lang='lat' dir='ltr'><strong>vidienlis‚</strong></span> <span class='ocrx_word' id='word_1_97' title='bbox 322 2130 599 2195; x_wconf 85' lang='lat' dir='ltr'><strong>Briznobanenlis</strong></span> <span class='ocrx_word' id='word_1_98' title='bbox 634 2130 769 2195; x_wconf 78' lang='lat' dir='ltr'><strong>diversis</strong></span> <span class='ocrx_word' id='word_1_99' title='bbox 805 2133 1018 2216; x_wconf 62' lang='lat' dir='ltr'><strong>temporibus</strong></span> 
     </span>
     <span class='ocr_line' id='line_1_16' title="bbox 112 2234 1021 2314; baseline 0.001 -12"><span class='ocrx_word' id='word_1_100' title='bbox 112 2234 273 2309; x_wconf 79' lang='lat' dir='ltr'><strong>-Pallurie</strong></span> <span class='ocrx_word' id='word_1_101' title='bbox 297 2250 331 2311; x_wconf 81' lang='lat' dir='ltr'><strong>et</strong></span> <span class='ocrx_word' id='word_1_102' title='bbox 352 2250 414 2305; x_wconf 84' lang='lat' dir='ltr'><strong>etc.</strong></span> <span class='ocrx_word' id='word_1_103' title='bbox 435 2243 470 2304; x_wconf 87' lang='lat' dir='ltr'><strong>iu</strong></span> <span class='ocrx_word' id='word_1_104' title='bbox 493 2236 619 2311; x_wconf 78' lang='lat' dir='ltr'><strong>Cluilio</strong></span> <span class='ocrx_word' id='word_1_105' title='bbox 644 2238 888 2304; x_wconf 79' lang='lat' dir='ltr'>obdormientis</span> <span class='ocrx_word' id='word_1_106' title='bbox 905 2240 1021 2314; x_wconf 84' lang='lat' dir='ltr'><strong>(Leut-</strong></span> 
     </span>
     <span class='ocr_line' id='line_1_17' title="bbox 128 2343 1016 2429; baseline 0.002 -21"><span class='ocrx_word' id='word_1_107' title='bbox 128 2344 312 2429; x_wconf 83' lang='lat' dir='ltr'><strong>schoviae)</strong></span> <span class='ocrx_word' id='word_1_108' title='bbox 344 2345 468 2409; x_wconf 75' lang='lat' dir='ltr'><strong>Litoris</strong></span> <span class='ocrx_word' id='word_1_109' title='bbox 498 2343 665 2412; x_wconf 83' lang='lat' dir='ltr'><strong>Samuelis</strong></span> <span class='ocrx_word' id='word_1_110' title='bbox 698 2346 833 2408; x_wconf 87' lang='lat' dir='ltr'><strong>Brewer</strong></span> <span class='ocrx_word' id='word_1_111' title='bbox 855 2350 888 2413; x_wconf 90' lang='lat' dir='ltr'><strong>in</strong></span> <span class='ocrx_word' id='word_1_112' title='bbox 910 2358 942 2422; x_wconf 87' lang='grc'><strong>4.</strong></span> <span class='ocrx_word' id='word_1_113' title='bbox 963 2345 1016 2410; x_wconf 85' lang='lat' dir='ltr'><strong>fo·</strong></span> 
     </span>
     <span class='ocr_line' id='line_1_18' title="bbox 131 2446 266 2525; baseline 0.059 -8"><span class='ocrx_word' id='word_1_114' title='bbox 131 2446 211 2521; x_wconf 64' lang='lat' dir='ltr'><strong>lios·</strong></span> <span class='ocrx_word' id='word_1_115' title='bbox 233 2462 266 2525; x_wconf 64' lang='grc' dir='ltr'><strong>δα</strong></span> 
     </span>
     <span class='ocr_line' id='line_1_19' title="bbox 86 2558 1024 2643; baseline 0.006 -22"><span class='ocrx_word' id='word_1_116' title='bbox 86 2590 219 2621; x_wconf 59' lang='grc' dir='ltr'>,ιη--</span> <span class='ocrx_word' id='word_1_117' title='bbox 244 2561 398 2629; x_wconf 82' lang='lat' dir='ltr'><strong>Studium</strong></span> <span class='ocrx_word' id='word_1_118' title='bbox 422 2558 671 2628; x_wconf 86' lang='lat' dir='ltr'><strong>Catecheticum</strong></span> <span class='ocrx_word' id='word_1_119' title='bbox 695 2561 736 2626; x_wconf 84' lang='lat' dir='ltr'><strong>de</strong></span> <span class='ocrx_word' id='word_1_120' title='bbox 752 2563 934 2643; x_wconf 80' lang='lat' dir='ltr'><strong>creatione,</strong></span> <span class='ocrx_word' id='word_1_121' title='bbox 956 2563 1024 2627; x_wconf 77' lang='lat' dir='ltr'><strong>An·</strong></span> 
     </span>
     <span class='ocr_line' id='line_1_20' title="bbox 131 2662 1022 2752; baseline 0.001 -23"><span class='ocrx_word' id='word_1_122' title='bbox 131 2667 240 2752; x_wconf 64' lang='lat' dir='ltr'><strong>gelu,</strong></span> <span class='ocrx_word' id='word_1_123' title='bbox 263 2668 411 2752; x_wconf 79' lang='lat' dir='ltr'><strong>imagine</strong></span> <span class='ocrx_word' id='word_1_124' title='bbox 433 2665 509 2746; x_wconf 88' lang='lat' dir='ltr'><strong>Dei,</strong></span> <span class='ocrx_word' id='word_1_125' title='bbox 534 2668 568 2728; x_wconf 89' lang='lat' dir='ltr'><strong>in</strong></span> <span class='ocrx_word' id='word_1_126' title='bbox 592 2662 674 2730; x_wconf 84' lang='lat' dir='ltr'><strong>[latu</strong></span> <span class='ocrx_word' id='word_1_127' title='bbox 693 2668 759 2733; x_wconf 85' lang='lat' dir='ltr'><strong>int:</strong></span> <span class='ocrx_word' id='word_1_128' title='bbox 782 2679 816 2732; x_wconf 88' lang='lat' dir='ltr'><strong>et</strong></span> <span class='ocrx_word' id='word_1_129' title='bbox 838 2666 1022 2733; x_wconf 83' lang='lat' dir='ltr'><strong>Providen-</strong></span> 
     </span>
     <span class='ocr_line' id='line_1_21' title="bbox 130 2776 1027 2865; baseline 0 -22"><span class='ocrx_word' id='word_1_130' title='bbox 130 2782 183 2852; x_wconf 80' lang='lat' dir='ltr'><strong>tia</strong></span> <span class='ocrx_word' id='word_1_131' title='bbox 204 2780 287 2855; x_wconf 88' lang='lat' dir='ltr'><strong>Dei,</strong></span> <span class='ocrx_word' id='word_1_132' title='bbox 332 2779 425 2865; x_wconf 85' lang='lat' dir='ltr'><strong>quod</strong></span> <span class='ocrx_word' id='word_1_133' title='bbox 459 2781 493 2842; x_wconf 91' lang='lat' dir='ltr'><strong>in</strong></span> <span class='ocrx_word' id='word_1_134' title='bbox 522 2777 677 2841; x_wconf 79' lang='lat' dir='ltr'><strong>examine</strong></span> <span class='ocrx_word' id='word_1_135' title='bbox 700 2778 888 2847; x_wconf 86' lang='lat' dir='ltr'><strong>autumnali</strong></span> <span class='ocrx_word' id='word_1_136' title='bbox 899 2776 1027 2847; x_wconf 81' lang='lat' dir='ltr'><strong>lohan-</strong></span> 
     </span>
     <span class='ocr_line' id='line_1_22' title="bbox 132 2885 1026 2968; baseline 0 -17"><span class='ocrx_word' id='word_1_137' title='bbox 132 2908 195 2957; x_wconf 84' lang='lat' dir='ltr'><strong>nes</strong></span> <span class='ocrx_word' id='word_1_138' title='bbox 217 2885 409 2953; x_wconf 85' lang='lat' dir='ltr'><strong>Simonides</strong></span> <span class='ocrx_word' id='word_1_139' title='bbox 432 2886 553 2952; x_wconf 83' lang='lat' dir='ltr'><strong>Rector</strong></span> <span class='ocrx_word' id='word_1_140' title='bbox 575 2885 719 2953; x_wconf 86' lang='lat' dir='ltr'><strong>Scholae</strong></span> <span class='ocrx_word' id='word_1_141' title='bbox 748 2886 903 2953; x_wconf 78' lang='lat' dir='ltr'><strong>Brizuub.</strong></span> <span class='ocrx_word' id='word_1_142' title='bbox 933 2889 1026 2968; x_wconf 69' lang='lat'><strong>1670·</strong></span> 
     </span>
     <span class='ocr_line' id='line_1_23' title="bbox 133 2992 1024 3081; baseline -0.003 -22"><span class='ocrx_word' id='word_1_143' title='bbox 133 2996 181 3069; x_wconf 83' lang='lat' dir='ltr'><strong>ad</strong></span> <span class='ocrx_word' id='word_1_144' title='bbox 201 2992 435 3065; x_wconf 85' lang='lat' dir='ltr'><strong>ventilandum</strong></span> <span class='ocrx_word' id='word_1_145' title='bbox 462 2995 623 3081; x_wconf 88' lang='lat' dir='ltr'><strong>proponit</strong></span> <span class='ocrx_word' id='word_1_146' title='bbox 643 2992 930 3076; x_wconf 81' lang='lat' dir='ltr'><strong>(Letulclmviae)</strong></span> <span class='ocrx_word' id='word_1_147' title='bbox 953 2994 1024 3079; x_wconf 78' lang='lat' dir='ltr'><strong>Ty·</strong></span> 
     </span>
     <span class='ocr_line' id='line_1_24' title="bbox 135 3098 806 3187; baseline -0.003 -19"><span class='ocrx_word' id='word_1_148' title='bbox 135 3104 190 3187; x_wconf 75' lang='lat' dir='ltr'><strong>pis</strong></span> <span class='ocrx_word' id='word_1_149' title='bbox 213 3099 380 3167; x_wconf 87' lang='lat' dir='ltr'><strong>Samuelis</strong></span> <span class='ocrx_word' id='word_1_150' title='bbox 401 3102 536 3169; x_wconf 86' lang='lat' dir='ltr'><strong>Brewer</strong></span> <span class='ocrx_word' id='word_1_151' title='bbox 557 3102 592 3165; x_wconf 90' lang='lat' dir='ltr'><strong>iu</strong></span> <span class='ocrx_word' id='word_1_152' title='bbox 617 3113 647 3175; x_wconf 79' lang='lat'><strong>4</strong></span> <span class='ocrx_word' id='word_1_153' title='bbox 668 3098 730 3165; x_wconf 83' lang='lat' dir='ltr'><strong>fol.</strong></span> <span class='ocrx_word' id='word_1_154' title='bbox 753 3118 806 3171; x_wconf 83' lang='lat'><strong>20.</strong></span> 
     </span>
     <span class='ocr_line' id='line_1_25' title="bbox 88 3205 1031 3293; baseline -0.008 -16"><span class='ocrx_word' id='word_1_155' title='bbox 88 3207 296 3282; x_wconf 70' lang='lat' dir='ltr'><strong>Stilonium</strong></span> <span class='ocrx_word' id='word_1_156' title='bbox 319 3211 438 3274; x_wconf 74' lang='lat' dir='ltr'><strong>Pnunt</strong></span> <span class='ocrx_word' id='word_1_157' title='bbox 472 3211 649 3279; x_wconf 80' lang='lat' dir='ltr'><strong>Radvauia</strong></span> <span class='ocrx_word' id='word_1_158' title='bbox 671 3207 778 3293; x_wconf 80' lang='lat' dir='ltr'><strong>liung.</strong></span> <span class='ocrx_word' id='word_1_159' title='bbox 813 3240 850 3257; x_wconf 88' lang='grc'><strong>-</strong></span> <span class='ocrx_word' id='word_1_160' title='bbox 885 3208 927 3271; x_wconf 92' lang='lat' dir='ltr'><strong>de</strong></span> <span class='ocrx_word' id='word_1_161' title='bbox 952 3205 1031 3271; x_wconf 80' lang='lat' dir='ltr'><strong>Pet·</strong></span> 
     </span>
     <span class='ocr_line' id='line_1_26' title="bbox 140 3308 1030 3405; baseline -0.009 -24"><span class='ocrx_word' id='word_1_162' title='bbox 140 3319 306 3405; x_wconf 86' lang='lat' dir='ltr'><strong>petuitate</strong></span> <span class='ocrx_word' id='word_1_163' title='bbox 328 3308 492 3381; x_wconf 78' lang='lat' dir='ltr'><strong>Ecclesiae</strong></span> <span class='ocrx_word' id='word_1_164' title='bbox 509 3314 745 3401; x_wconf 82' lang='lat' dir='ltr'><strong>Evangelicae.</strong></span> <span class='ocrx_word' id='word_1_165' title='bbox 767 3312 917 3378; x_wconf 79' lang='lat' dir='ltr'><strong>Praefide</strong></span> <span class='ocrx_word' id='word_1_166' title='bbox 934 3309 1030 3379; x_wconf 69' lang='lat' dir='ltr'><strong>Gott·</strong></span> 
     </span>
     <span class='ocr_line' id='line_1_27' title="bbox 137 3419 1028 3507; baseline -0.004 -19"><span class='ocrx_word' id='word_1_167' title='bbox 137 3424 206 3491; x_wconf 90' lang='lat' dir='ltr'><strong>lieb</strong></span> <span class='ocrx_word' id='word_1_168' title='bbox 232 3424 460 3491; x_wconf 82' lang='lat' dir='ltr'><strong>Werusdorfio</strong></span> <span class='ocrx_word' id='word_1_169' title='bbox 482 3425 597 3490; x_wconf 84' lang='lat' dir='ltr'><strong>Editio</strong></span> <span class='ocrx_word' id='word_1_170' title='bbox 620 3444 649 3489; x_wconf 85' lang='lat'><strong>2.</strong></span> <span class='ocrx_word' id='word_1_171' title='bbox 681 3420 954 3507; x_wconf 76' lang='lat' dir='ltr'><strong>Wittetubergae¹</strong></span> <span class='ocrx_word' id='word_1_172' title='bbox 973 3419 1028 3484; x_wconf 85' lang='lat' dir='ltr'><strong>Li·</strong></span> 
     </span>
     <span class='ocr_line' id='line_1_28' title="bbox 136 3526 851 3618; baseline -0.003 -23"><span class='ocrx_word' id='word_1_173' title='bbox 136 3536 218 3603; x_wconf 82' lang='lat' dir='ltr'><strong>teris</strong></span> <span class='ocrx_word' id='word_1_174' title='bbox 242 3526 452 3599; x_wconf 77' lang='lat' dir='ltr'><strong>Ge&#39;rdelnanis</strong></span> <span class='ocrx_word' id='word_1_175' title='bbox 477 3552 569 3614; x_wconf 83' lang='lat'>¹72¹·</span> <span class='ocrx_word' id='word_1_176' title='bbox 590 3534 625 3597; x_wconf 91' lang='lat' dir='ltr'><strong>in</strong></span> <span class='ocrx_word' id='word_1_177' title='bbox 646 3545 678 3610; x_wconf 91' lang='lat'><strong>4.</strong></span> <span class='ocrx_word' id='word_1_178' title='bbox 701 3552 777 3618; x_wconf 78' lang='lat' dir='ltr'><strong>pag.</strong></span> <span class='ocrx_word' id='word_1_179' title='bbox 799 3543 851 3607; x_wconf 82' lang='lat'><strong>40.</strong></span> 
     </span>
     <span class='ocr_line' id='line_1_29' title="bbox 94 3635 1116 3727; baseline -0.007 -22"><span class='ocrx_word' id='word_1_180' title='bbox 94 3638 257 3719; x_wconf 59' lang='lat' dir='ltr'><strong>Simonem</strong></span> <span class='ocrx_word' id='word_1_181' title='bbox 280 3642 459 3707; x_wconf 71' lang='lat' dir='ltr'><strong>Mannum</strong></span> <span class='ocrx_word' id='word_1_182' title='bbox 484 3643 611 3727; x_wconf 79' lang='lat' dir='ltr'><strong>Ungari</strong></span> <span class='ocrx_word' id='word_1_183' title='bbox 635 3672 672 3695; x_wconf 69' lang='grc' dir='ltr'><strong>-ι</strong></span> <span class='ocrx_word' id='word_1_184' title='bbox 696 3640 873 3706; x_wconf 82' lang='lat' dir='ltr'><strong>succincta</strong></span> <span class='ocrx_word' id='word_1_185' title='bbox 897 3635 981 3699; x_wconf 88' lang='lat' dir='ltr'><strong>Loci</strong></span> <span class='ocrx_word' id='word_1_186' title='bbox 1002 3654 1051 3705; x_wconf 77' lang='lat' dir='ltr'><strong>a..</strong></span> <span class='ocrx_word' id='word_1_187' title='bbox 1112 3662 1116 3667; x_wconf 96' lang='lat'>·</span> 
     </span>
     <span class='ocr_line' id='line_1_30' title="bbox 140 3749 1031 3837; baseline -0.007 -24"><span class='ocrx_word' id='word_1_188' title='bbox 140 3749 313 3817; x_wconf 77' lang='lat' dir='ltr'><strong>Tim-111.</strong></span> <span class='ocrx_word' id='word_1_189' title='bbox 335 3774 369 3822; x_wconf 84' lang='lat' dir='ltr'><strong>v.</strong></span> <span class='ocrx_word' id='word_1_190' title='bbox 394 3757 442 3819; x_wconf 85' lang='lat'><strong>16.</strong></span> <span class='ocrx_word' id='word_1_191' title='bbox 469 3777 518 3837; x_wconf 90' lang='lat'><strong>¹7·</strong></span> <span class='ocrx_word' id='word_1_192' title='bbox 541 3751 695 3836; x_wconf 80' lang='lat' dir='ltr'><strong>Analyfis</strong></span> <span class='ocrx_word' id='word_1_193' title='bbox 725 3749 887 3814; x_wconf 79' lang='lat' dir='ltr'><strong>exhibens</strong></span> <span class='ocrx_word' id='word_1_194' title='bbox 931 3766 1031 3835; x_wconf 66' lang='lat' dir='ltr'><strong>quas·</strong></span> 
     </span>
    </p>
   </div>
   <div class='ocr_carea' id='block_1_3' title="bbox 101 3846 1034 4013">
    <p class='ocr_par' dir='ltr' id='par_1_3' title="bbox 101 3846 1034 4013">
     <span class='ocr_line' id='line_1_31' title="bbox 142 3846 1034 4011; baseline -0.016 -76"><span class='ocrx_word' id='word_1_195' title='bbox 142 3860 223 3935; x_wconf 82' lang='lat' dir='ltr'><strong>dam</strong></span> <span class='ocrx_word' id='word_1_196' title='bbox 246 3859 280 3929; x_wconf 86' lang='lat' dir='ltr'><strong>S..</strong></span> <span class='ocrx_word' id='word_1_197' title='bbox 303 3860 497 3948; x_wconf 83' lang='lat' dir='ltr'><strong>Scripturae</strong></span> <span class='ocrx_word' id='word_1_198' title='bbox 521 3846 760 3951; x_wconf 75' lang='lat' dir='ltr'><strong>Proprietaies.</strong></span> <span class='ocrx_word' id='word_1_199' title='bbox 784 3858 940 4011; x_wconf 66' lang='lat' dir='ltr'><strong>PraeiudaI</strong></span> <span class='ocrx_word' id='word_1_200' title='bbox 956 3852 1034 4003; x_wconf 61' lang='lat' dir='ltr'><strong>icch.</strong></span> 
     </span>
     <span class='ocr_line' id='line_1_32' title="bbox 101 3962 995 4013; baseline -0.011 -26"><span class='ocrx_word' id='word_1_201' title='bbox 101 3976 107 3987; x_wconf 84' lang='lat'><em>,</em></span> <span class='ocrx_word' id='word_1_202' title='bbox 941 3962 962 4005; x_wconf 62' lang='lat' dir='ltr'>a</span> <span class='ocrx_word' id='word_1_203' title='bbox 982 3988 995 4013; x_wconf 31' lang='lat'><strong>⁴</strong></span> 
     </span>
    </p>
   </div>
   <div class='ocr_carea' id='block_1_4' title="bbox 0 0 1167 4464">
    <p class='ocr_par' dir='ltr' id='par_1_4' title="bbox 0 0 1167 4464">
     <span class='ocr_line' id='line_1_33' title="bbox 0 0 1167 4464; baseline 0 0"><span class='ocrx_word' id='word_1_204' title='bbox 0 0 1167 4464; x_wconf 95' lang='lat' dir='ltr'><strong> </strong></span> 
     </span>
    </p>
   </div>
  </div>
 </body>
</html>
