2272 4464
163 572 266 673 196·
326 644 332 663 ,
502 592 505 597 ·
561 550 692 643 GRA.

134 834 139 843 ,
205 766 444 856 complectens.
485 762 612 831 cibinii
656 762 768 850 Typia
813 758 957 825 Ioannit
996 746 1105 825 Batti

118 953 124 977 1
160 908 162 913 v
205 876 580 959 1304.ina.pag.r5.

160 982 364 1049 Gannrnur
388 983 560 1044 Antonin
582 977 747 1041 Mnarnn
774 1008 810 1025 -·
833 972 887 1041 De
897 974 1032 1040 Joanne
1042 973 1102 1037 He.

205 1088 334 1153 raclide
367 1085 517 1171 Delpota
537 1082 782 1161 ,svalachprum
817 1080 976 1166 Principe
1008 1080 1100 1147 Libri

202 1212 290 1262 tres:
322 1208 356 1259 et
386 1193 516 1257 Jacobo
538 1190 724 1256 Didascalo
745 1191 887 1255 loannis
917 1188 1025 1253 fratre
1051 1182 1098 1256 Li·

90 1326 97 1335 ’
195 1302 391 1381 betanus,
422 1301 504 1365 editi
515 1319 571 1379 μς
603 1299 831 1384 manuscripto
862 1297 1094 1363 Bibliothecae

90 1432 93 1437 ·
203 1409 442 1474 Zalulcianae.
458 1409 645 1473 Varlaviae
664 1427 708 1471 ex
730 1406 907 1493 Typogra
929 1406 1098 1473 Mialeria·

205 1543 250 1586 na
276 1538 366 1602 ¹759
388 1521 477 1592 in8
501 1537 578 1605 pag.
604 1535 673 1580 roo

165 1628 463 1693 Gnnrrrrcmo
486 1625 633 1691 solennis
655 1637 690 1689 et
710 1621 846 1704 fellica,
877 1641 968 1733 qpae
990 1612 1105 1687 Tben.

207 1737 305 1827 philo
329 1737 455 1800 Abbati
473 1739 528 1807 de
549 1734 635 1799 Pilia
656 1755 697 1799 ac
717 1732 878 1798 Pa'lztb
868 1756 903 1798 rn
930 1736 979 1801 sui
1000 1734 1094 1801 Bene

199 1848 352 1913 dictione
372 1866 394 1908 a
420 1847 579 1929 quinario
608 1844 731 1929 Agriae
762 1846 951 1929 resurgente
981 1838 1090 1907 ciller-

100 1930 104 1943 Ι
195 1957 248 2019 tio
291 1952 443 2038 expolita
485 1951 693 2041 evolutaque
732 1951 776 2018 est
813 1951 916 2013 xxti.
953 1946 1090 2038 Augusti.

196 2062 322 2147 Agriae
345 2059 458 2145 Typis
481 2059 586 2141 Lycei
616 2069 705 2130 1802.
727 2074 758 2135 4
780 2056 840 2123 fol.
862 2072 892 2132 δι

156 2166 406 2231 Gnnvnnuun
438 2166 651 2248 Inclytorum
684 2162 841 2227 Statuam
872 2174 905 2226 et
928 2161 1089 2229 Ordinum

200 2268 402 2350 Gemella,
430 2290 517 2353 quae
542 2271 586 2332 ad
611 2271 785 2335 exmillam
809 2283 952 2336 eatenus
976 2272 1090 2358 Regni·

199 2377 347 2439 colarem
371 2374 636 2461 Deputationem
659 2376 895 2461 delata‚·ejus
917 2399 1001 2444 vero
1025 2382 1092 2466 opi·

200 2490 305 2552 niune
333 2489 374 2551 ad
400 2489 474 2551 suas
498 2489 747 2571 competentias
769 2492 972 2576 releganda,
996 2506 1093 2556 outa

202 2592 434 2679 propofitione
456 2596 668 2658 e-xmittenda
691 2598 919 2663 censebantur.
964 2600 1108 2665 Polonii·

195 2701 311 2788 'lypis
334 2701 435 2764 Mich.
456 2700 628 2767 Landerer
655 2718 744 2777 ι802
758 2709 801 2769 in
824 2706 886 2771 fol.
899 2707 1045 2799 phylen
1065 2718 1096 2784 4.

158 2838 282 2856 -·--
317 2806 546 2871 Particularia
577 2823 611 2873 et
642 2810 813 2876 Postulata
843 2814 1096 2913 Comitatupm,

198 2935 286 3000 quae
309 2936 369 3002 per
390 2910 700 2999 Deputationem
690 2938 725 2982 rn
748 2918 852 3005 Regni
879 2894 1132 2987 Gravanlini·

195 3024 257 3087 bus
282 3023 507 3088 considentem
529 3027 574 3090 ad
596 3027 671 3090 luas
694 3034 942 3115 competentias
961 3034 1096 3095 inviau
1127 2986 1132 3123 l

198 3130 244 3192 da
273 3130 500 3194 censebantur.
531 3131 667 3197 Posonii
698 3131 811 3219 Typis
840 3135 874 3201 S.
896 3136 933 3217 Ρ,
958 3138 1094 3204 Weber.
1129 3174 1132 3185 ·

200 3248 291 3308 18⁰2·
314 3240 347 3300 in
371 3237 434 3300 fol.
456 3260 532 3326 pag.
554 3262 608 3324 71.

155 3369 278 3391 —·-·-
303 3342 347 3403 Et
368 3341 539 3408 Postulata
559 3346 752 3434 Regnorum
770 3349 988 3434 Dalmatiae,
1012 3352 1093 3418 Cro·

66 3480 73 3488 ·
197 3449 309 3527 atiae,
334 3460 367 3510 et
390 3447 575 3516 Slavoniae
598 3451 737 3518 statuum
760 3455 967 3525 humillima.
991 3440 1109 3526 Poro!

46 3538 51 3553 ⁹
143 3570 156 3631 s
195 3553 241 3615 nii
268 3562 358 3623 1802.
381 3554 442 3619 fol.
465 3558 599 3642 phylen.
623 3580 653 3627 2.

152 3686 275 3717 -.--·-
291 3659 332 3722 Et
347 3659 519 3726 Postulata
536 3663 735 3731 Liberorum
751 3671 933 3759 Regiorum
950 3685 1017 3759 que'
1036 3672 1087 3738 Ci-

195 3767 341 3827 vitatum
346 3764 637 3856 ,quaebpinione
650 3790 792 3841 eatenus
802 3781 964 3844 exmillne
981 3782 1086 3866 Regni

191 3866 435 3953 Deputationie
456 3879 500 3940 ad
521 3878 597 3941 suas
618 3888 863 3969 competentias
882 3889 1087 3974 releganda,

190 3988 250 4039 aut
277 3977 469 4061 seponenda
493 3988 720 4055 censebantur
750 3984 884 4061 Polouii
908 3996 1021 4084 Typie
1045 3982 1083 4062 G.

188 4084 231 4157 ᾼ.
251 4081 416 4173 Relna'y
405 4107 442 4153 ru
462 4084 526 4159 fol.
548 4116 626 4185 pag
643 4100 694 4163 26.
936 4102 1081 4170 Gnaei.
