2272 4464
746 308 755 331 Ι

566 368 573 381 ο
849 368 852 378 ι

382 500 717 633 ,nra-'m
934 578 1028 656 η,

119 736 278 829 picibus,
295 738 330 802 in
350 756 439 824 quae
453 739 579 805 Thesea
596 740 790 810 distributae
803 747 889 813 innt.
932 750 1027 819 Bart.

123 848 221 935 phne
243 844 359 911 David
394 845 575 934 Guttgeiell
609 850 798 918 excudebnt
825 872 851 921 s.
875 875 910 922 a:
939 860 973 921 in
996 870 1026 933 8.

124 952 262 1039 phylen
285 970 339 1033 29.

81 1058 333 1127 Exnnntnrro
368 1055 461 1122 Senti
502 1056 671 1135 Laniani,
707 1063 800 1146 quod
839 1062 1025 1151 Gregorius

123 1165 289 1229 Horratlr
309 1164 429 1251 gladio
458 1166 555 1232 verbi
587 1169 697 1232 divini
720 1168 888 1255 Imagines
923 1192 945 1234 a
966 1170 1027 1241 fin·

126 1292 209 1337 tera
234 1271 416 1359 Religione
455 1277 632 1355 resecanti‚
674 1289 800 1341 temere
841 1282 1021 1364 opposuit,

127 1379 293 1465 rescripta
316 1398 377 1464 per
397 1378 572 1443 Thomanr
603 1380 797 1445 Fabricium
819 1381 1026 1452 Tolneniem

125 1480 299 1551 Pastorem
320 1484 487 1549 Ecclesiae
516 1484 734 1555 Patacltinae.
776 1488 908 1555 Excui'a
930 1510 1024 1556 anno

132 1610 224 1676 1597.
245 1596 281 1657 in
303 1606 333 1668 3.
356 1594 487 1681 phyler.
509 1607 541 1668 8.

86 1702 308 1767 Excnnston
340 1698 369 1767 ir·
393 1702 571 1769 Eszterhiz
604 1725 648 1769 en
684 1676 915 1792 Hongrie*en
947 1707 1021 1773 Mei

131 1822 224 1892 1784.
245 1813 390 1877 Wienoe
419 1814 501 1878 clrez
524 1814 619 1879 Jean.
647 1814 746 1881 Ferd.
769 1818 811 1881 de
840 1813 1026 1882 Schiinield

84 1954 88 1965 ·
128 1916 306 1995 innfol.
331 1934 379 1994 14.
419 1952 424 1961 ·

87 2032 309 2094 Exnnrrnnn
330 2026 633 2090 Reconciliationis
666 2045 741 2089 cum
764 2024 935 2113 Huogaris
956 2027 1028 2092 Rre-

128 2148 190 2199 tae
214 2152 266 2217 23.
285 2128 371 2196 lunii
395 2139 495 2195 Anno
521 2133 611 2196 1606.
634 2152 695 2197 nec
717 2153 784 2196 non
803 2132 1027 2199 conditiones

131 2248 233 2335 pacis
260 2243 423 2309 Turricae
453 2247 564 2308 denuo
587 2248 681 2331 typis
714 2246 881 2309 excussum
913 2247 1024 2309 sumti·

131 2354 198 2419 bus
218 2352 359 2418 Comitis
382 2352 521 2438 Georgii
538 2352 680 2417 Thur26
709 2356 750 2418 de
786 2350 1025 2417 Betlehemfal-

126 2484 176 2529 va
211 2464 319 2549 Regni
340 2461 534 2548 liungariae
564 2463 710 2528 Palatini
741 2461 806 2535 nc„
825 2464 869 2525 ad
893 2460 1026 2546 requii-

127 2574 261 2636 nonem
284 2583 319 2634 ot
348 2575 546 2659 petitionem
576 2568 840 2661 Regnicolarum
870 2570 894 2635 l.
919 2570 1026 2655 Regni

127 2679 344 2767 Hungariaer
367 2674 647 2745 et‘Convenit'in
678 2678 836 2744 omnibus
861 2680 1027 2762 cumprio·

128 2808 166 2852 re
189 2790 385 2853 excussione
407 2786 562 2874 Pragenfi
579 2807 620 2852 ac
641 2785 885 2873 Originalibus.
928 2788 1029 2849 Vien-

130 2918 199 2963 nae
231 2895 389 2962 Austriae
422 2896 623 2960 Excudebat
654 2896 852 2959 Lndovicus
895 2893 1030 2954 Bonno·

131 3001 256 3090 berger
292 3006 347 3070 die
380 3019 416 3066 1³
444 2999 564 3066 Mensis
592 3000 684 3063 Junii
715 3018 806 3063 anno
834 2995 1025 3063 MDCXIII.

131 3110 170 3173 in
192 3122 224 3188 4.
247 3109 309 3176 fol.
337 3129 384 3174 12.

84 3216 374 3282 Exnncrrnrro
403 3217 619 3304 theologica,
654 3235 723 3301 qna
751 3212 951 3288 ΞΗΤΗΜΑ
986 3213 1064 3297 de,

131 3323 308 3407 Maiestate
333 3304 643 3411 omnipraesentiae
666 3320 793 3386 Chriilo
823 3321 954 3384 homini
975 3340 1032 3386 ve·

133 3454 172 3498 re
196 3445 229 3498 et
250 3432 389 3499 realiter
411 3433 662 3496 communicata
685 3434 729 3511 ad
755 3431 848 3516 pianr
872 3440 904 3491 et
928 3426 1034 3515 placi·

135 3542 226 3607 dam
252 3538 503 3627 προσδιαλεξιυ
524 3542 735 3626 proponitur
766 3540 800 3602 in
846 3533 1030 3617 Gymnasro
1080 3524 1089 3547 ¹

102 3648 363 3715 ·Noviioliensr
390 3648 543 3717 Praelrde
566 3649 615 3715 M.
643 3646 773 3741 Joanne
802 3644 976 3712 Heinzelio
1000 3664 1034 3729 p.

136 3769 160 3820 t.
183 3756 272 3822 Ludi
296 3758 454 3838 Rectore,
477 3756 720 3843 Respondentis
742 3775 862 3819 munus
888 3754 1035 3819 obeunte

134 3864 311 3932 lliclraeie
327 3865 525 3933 Paulowicz
542 3865 749 3931 Thuroceno
766 3860 935 3929 leileoenir
952 3862 1037 3938 ejus·

522 3977 552 4040 K
572 3992 596 4057 5-
915 3970 993 4036 den
