2272 4464
262 386 269 405 ἱ
953 376 959 385 .

302 546 312 560 ’
387 534 723 633 niun-mut.
793 512 796 517 ’
943 588 1020 662 339

126 740 385 826 matnrstgtval
413 736 452 811 ki
477 728 776 839 nyilatkoztatott.
804 756 931 825 Kaisar
962 759 1019 826 El

129 850 363 940 lingerJanos
389 853 537 920 betitivel
563 867 654 931 ¹80¹·
674 861 762 935 in8.
785 883 861 952 pag.
883 874 932 933 16

79 952 327 1025 ΜίιἮιΡΓιοΜ
359 942 636 1028 Hauntcua-
682 966 819 1065 Nuptiis
850 970 1017 1041 Preulsio·

126 1065 387 1132 Reuchelrntsrn
398 1068 506 1156 Regia
514 1070 753 1176 Hungarorum
774 1078 855 1144 urbe
872 1072 1018 1150 Polonio

127 1172 220 1247 1666.
242 1175 423 1242 solenniter
451 1179 663 1246 celebrandis
686 1184 775 1250 hunc
797 1186 1015 1257 Trochaeum

121 1283 162 1346 in
204 1296 406 1369 perpetuum
451 1290 626 1353 amicitiae
678 1295 798 1381 pignus
843 1294 1019 1364 offerebat.

133 1390 370 1457 vratislaviae
393 1391 505 1481 Typia
528 1396 795 1466 Baumannianis
813 1404 848 1466 in
868 1403 1025 1492 folphy-

124 1499 188 1564 ler.
213 1521 241 1564 ι.
287 1546 290 1555 ,

80 1632 208 1660 ·--·-ὀὴ
255 1608 341 1673 Cum
383 1608 551 1675 Dominus
595 1611 733 1679 Samuel
767 1615 947 1682 Pomariua
985 1620 1021 1684 in
1076 1686 1084 1714 κ

127 1713 313 1799 cyneam
335 1716 529 1803 upperrenn
549 1716 614 1783 rr.
636 1719 760 1784 uniam
783 1732 846 1784 nc.
870 1706 1020 1786 Mariam

123 1818 171 1884 D.
203 1817 326 1884 Joanni
362 1820 496 1902 Bayero
531 1818 659 1887 Pallori
693 1824 893 1890 Waralienfi
929 1828 1020 1907 1672.

124 1926 352 2013 Epperielaini
381 1930 416 1990 in
451 1930 707 1993 matrimonium
731 1929 915 1994 collocaret
945 1930 1019 1993 lub-

91 2071 102 2109 0
130 2035 279 2118 sequenti
325 2026 506 2095 Trochaeo
550 2033 783 2099 Vratislaviae
812 2036 1021 2120 gratulatum
1051 2092 1055 2101 .

130 2138 214 2206 ibat.
244 2137 487 2201 Wratislaviae
520 2139 555 2203 in
577 2139 772 2203 Haeredum
795 2142 1024 2205 Baumannia·
1075 2182 1078 2187 -

131 2262 253 2309 norum
276 2245 543 2331 Typographia,
565 2247 600 2310 in
622 2245 683 2309 fol.
706 2247 837 2332 phylen.
862 2265 891 2315 1.

84 2374 212 2399 -·--·-
237 2349 446 2416 Felicitatem
490 2350 667 2415 Publicam
698 2350 764 2414 five
794 2356 929 2439 nuptias
947 2355 1025 2414 -Au·

125 2457 234 2545 gustas
265 2459 489 2528 Sacratilsimi
526 2461 749 2549 Imperatoris
781 2462 951 2550 Leopoldi
991 2462 1020 2525 Ι.

127 2569 189 2652 pii,
212 2567 342 2650 felicis,
366 2570 535 2636 victoriosi
559 2590 634 2634 cum
665 2572 872 2637 serenissima
894 2572 1021 2634 Princi-

79 2667 81 2679 '
125 2694 169 2759 pe
205 2675 352 2742 Claudia
382 2678 558 2742 Felicitate
589 2676 826 2741 Archiducilla
848 2673 1022 2739 Aullriaca

127 2786 381 2871 Oenopontana
415 2784 457 2846 ab
490 2780 780 2847 Excellentissimo
812 2783 855 2845 D.
878 2782 1020 2847 Chrillo·

124 2894 238 2981 plioro
262 2893 441 2987 Leopoldo
470 2888 695 2977 Schaffgotlch
717 2890 750 2956 S.
772 2891 813 2953 R.
834 2890 861 2952 J.
884 2890 1018 2956 Comite
1106 2886 1115 2917 ¹

122 3010 188 3064 etc.
219 2998 453 3062 Vratislaviae
479 2997 569 3079 1673.
591 2994 733 3059 solemni
767 2995 869 3080 epulo
894 2999 1019 3059 devote

123 3117 288 3192 exceptas
331 3107 529 3180 humillimo¹
578 3103 737 3188 obsequio
781 3103 1018 3167 venerabatur.

126 3211 373 3277 Wratislaviae
410 3214 446 3276 in
491 3211 683 3274 Haeredum
727 3212 1018 3275 Baumanniorum
1094 3254 1100 3269 ,-

126 3309 383 3404 Typographia
407 3320 440 3381 in
462 3315 525 3379 fol.
551 3308 684 3403 phylen.
707 3336 737 3382 1.

87 3418 270 3487 Militant
297 3422 443 3486 Gnoac.
467 3420 623 3484 Cotbulio
645 3453 688 3469 -
710 3421 823 3485 Lulati
839 3455 876 3469 -
900 3419 1019 3507 Dispu-

127 3530 215 3591 tatio
253 3532 367 3614 prima
399 3532 440 3593 de
475 3526 699 3609 Polymathia
734 3529 939 3611 generatim
982 3538 1017 3590 et

124 3635 304 3719 speciatim
335 3640 377 3700 de
407 3633 667 3715 Grammatico,
691 3654 792 3718 quam
815 3633 871 3696 sub
895 3633 1017 3695 Praefr-

128 3748 191 3810 dio
213 3746 310 3812 Joan.
333 3746 448 3829 Heylii
471 3745 644 3809 Zakolcza
667 3779 703 3793 -
727 3745 878 3829 Hungari
910 3743 1018 3829 publi·

122 3871 165 3914 ce
188 3852 325 3935 defend.
353 3852 582 3938 Wittebergae
616 3850 729 3936 Typis
761 3850 902 3913 loannis
933 3845 1017 3910 Wil-

123 3956 196 4021 ckii
224 3954 315 4041 1698.
338 3961 372 4022 in
394 3972 425 4038 4.
447 3957 509 4026 fol.
532 3969 561 4031 8.

486 4064 555 4130 ΥΩ
905 4046 1020 4124 tiu·
