2272 4464
891 618 895 627 .
938 615 1020 719 io

79 776 254 853 'namn
275 784 425 853 Esaiae
455 788 488 855 S.
509 792 687 856 Andrensia
709 792 858 884 Hungari
890 836 927 855 ·-
958 807 1019 876 Di.

83 914 97 957 e
123 896 276 981 sputatio
300 896 511 985 Theologica
539 902 581 965 de
611 898 720 967 libero
748 905 890 974 arbitrio
912 925 946 978 et
966 922 1017 983 vs.

82 1036 91 1047 ·
123 1002 224 1067 ribus
245 1003 404 1093 humanis
424 1010 460 1071 in
481 1008 694 1074 conversione
714 988 819 1097 quarn
842 1017 897 1081 sub
918 1021 1016 1087 Prae-

82 1142 90 1153 ·
116 1108 211 1175 ÷litlio
233 1108 309 1171 Joli.
330 1108 591 1178 Deutschmanni
613 1127 676 1180 etc.
698 1119 833 1203 publice
855 1123 1014 1193 desendet

80 1216 94 1275 i
132 1220 225 1301 1677.
257 1216 486 1306 Wittebergae
519 1219 633 1307 Typia
659 1216 799 1288 Ioannis
827 1226 1017 1299 Borckardi

89 1324 163 1387 ”in
183 1321 300 1401 lifol.
325 1339 372 1403 14.
489 1336 496 1369 ·'

79 1424 253 1499 Piaiiaix
287 1430 466 1499 Garririiri,
510 1466 547 1486 ·-
590 1430 663 1500 Jesu
698 1434 808 1503 dulcia
850 1446 1019 1510 memoria

84 1548 94 1569 '
122 1541 213 1607 odei·
238 1539 312 1605 Jesu
342 1539 514 1607 Nahniena
535 1540 633 1605 siilser
654 1539 771 1606 Sohall
805 1542 913 1633 liliiigt
934 1550 1016 1615 lieut

122 1646 267 1713 lieblioh
295 1648 329 1711 iii
361 1650 425 1711 deii
455 1646 538 1711 Saal
569 1650 628 1712 des
661 1662 725 1713 etc.
757 1646 870 1717 llernn
891 1656 939 1717 M.
959 1656 1017 1719 Jo.

86 1764 96 1807 ἐ
121 1752 248 1821 liaunie
270 1754 408 1821 Bartsch
428 1757 464 1819 iii
485 1756 547 1820 dei·
567 1768 629 1820 etc.
653 1752 853 1842 Hauptstadt
875 1760 1018 1829 Brealau

87 1892 96 1905 ·
124 1864 193 1931 etc.
222 1861 386 1941 Dinoni,
423 1858 477 1925 ala
505 1884 541 1927 er
570 1877 634 1930 etc.
667 1867 776 1930 seinen
808 1866 1017 1955 Namenatag

81 1966 103 2027 .'
124 1966 303 2055 begangen
328 1970 425 2033 Anno
450 1972 538 2053 ¹⁶77·
567 1972 681 2036 Zittau
704 1970 770 2053 bey
792 1970 896 2038 Mich.
919 1960 1017 2037 Hart-

84 2075 105 2121 ·'
127 2094 233 2143 mann
252 2078 287 2141 iii
308 2076 371 2139 sol.
392 2075 526 2161 phylen
554 2097 582 2142 i.
985 2110 991 2121 ·

80 2172 255 2250 Pinnata
277 2180 470 2246 Juaaiiiiis
493 2180 863 2267 Teplicio·Hungarua
894 2215 933 2234 -
965 2180 1021 2246 Bi·

129 2308 210 2378 gam
245 2289 510 2353 dissertationum
550 2286 792 2373 passionalium
827 2289 869 2351 tle
903 2306 1017 2373 pugna
1050 2306 1054 2313 ·

87 2434 91 2443 ·
131 2399 190 2465 vel
213 2401 366 2485 passione
389 2394 505 2460 Christi
527 2394 710 2485 spirituali,
732 2410 770 2460 ut
790 2408 825 2460 et
846 2400 888 2461 de
909 2401 1018 2482 capti·

126 2510 237 2572 vitate
277 2503 394 2570 christi
432 2503 615 2591 passionali
637 2501 694 2567 sub
732 2502 899 2569 Praesidio
941 2500 1018 2570 Joli.

127 2611 393 2678 Deutschmanni
428 2610 584 2694 publicae
616 2608 838 2693 disquisitioni
870 2606 1019 2673 moriello

127 2716 296 2785 submittit
316 2722 405 2801 1667.
427 2716 701 2805 (Wittebergae)
721 2715 833 2803 Typia
849 2711 923 2783 Joli.
939 2717 1019 2781 Bor·

130 2830 249 2897 eliardi
272 2831 307 2894 in
327 2841 359 2904 4.
380 2828 443 2892 sol.
466 2848 515 2892 io.
626 2897 630 2904 ,

82 2928 253 3003 Passuri
287 2933 512 2997 suniarius
540 2926 704 2995 Ecclesiae
733 2926 888 2993 Leucosia
916 2928 1016 2992 Mini-

127 3038 190 3109 slei
221 3058 313 3104 novo
344 3058 435 3105 anno
465 3055 567 3102 aerae
600 3030 922 3116 Christianae1678.
948 3031 1019 3094 Do·

127 3150 224 3212 mino
261 3143 405 3231 Augusto
439 3142 565 3206 Comici
593 3141 726 3226 Lignitz
760 3150 821 3203 etc.
858 3156 919 3202 nec
949 3156 1018 3201 non

119 3254 286 3320 ¹Domino
309 3252 406 3317 Eliae
426 3253 582 3314 Andreae
604 3246 730 3312 Comiti
751 3248 792 3311 de
813 3244 944 3311 Henliel
963 3242 1019 3307 Li·

92 3362 216 3437 ··bero
242 3363 369 3425 Baroni
399 3364 441 3425 de
466 3355 720 3423 Donneramark
742 3367 805 3419 etc.
835 3367 871 3417 ut
892 3364 926 3416 et
946 3350 1018 3414 Do·

128 3460 226 3533 mino
256 3467 416 3532 Conrado
441 3466 639 3539 wenceslao
662 3462 825 3527 Sauerma
853 3459 951 3527 L.'B.
973 3462 1017 3526 de

115 3590 167 3659 ‚et
187 3579 223 3641 in
250 3573 372 3642 leltscli
402 3588 465 3642 etc.
493 3580 761 3661 Anagrammata
788 3570 845 3636 illa
866 3585 930 3637 etc.
959 3571 1020 3635 liri
1125 3607 1128 3614 -

93 3688 98 3747 ζ
128 3684 209 3749 clem
234 3696 268 3749 et
289 3684 456 3750 Universia
477 3687 624 3770 ipsorum
646 3680 788 3746 familiia
810 3682 935 3743 aiinum
958 3697 1018 3744 no·

91 3811 111 3827 ··
129 3806 214 3855 vum
236 3793 369 3859 felicem
401 3788 463 3863 e'tc.
500 3805 654 3881 precatur
683 3803 745 3856 etc.
769 3789 887 3853 Sacrat
908 3798 941 3851 et
962 3802 1018 3850 ax·

96 3908 100 3921 '
128 3898 227 3965 hibet
248 3902 490 3967 Wratialaviae
506 3905 540 3966 in
563 3900 751 3965 Haereduni
760 3896 1017 3963 Baumanniano
1105 3911 1108 3918 ·

128 4026 207 4072 runi
231 4007 477 4097 Typogiaphia
498 4012 533 4074 in
553 4007 616 4071 sol.
638 4004 734 4093 phyl.
758 4025 786 4072 i.
917 4096 944 4169 Ρ

500 4111 612 4180 siba
946 4112 978 4165 t·
1120 4142 1124 4149 ·
